2154 3564
267 197 294 249 7
304 199 333 236 2
730 184 1064 236 Tertulliani
1098 184 1472 251 Apologetz'cus
1680 190 1799 243 [Cu.
1816 196 1933 234 XXI.

264 327 451 376 Verum
492 344 646 390 neque
686 327 745 374 de
794 326 993 375 Christo
1032 327 1372 386 erubescimus,
1416 344 1567 390 quum
1609 329 1699 375 sub
1740 328 1933 376 nomine

263 412 365 472 ejus
394 409 620 473 deputari
655 413 704 457 et
740 409 960 456 damnari
980 409 1134 472 juvat,
1163 427 1318 473 neque
1354 409 1412 457 de
1437 411 1541 457 Deo
1564 411 1707 458 aliter
1736 427 1932 474 praesu-

265 509 452 540 numus.

333 575 540 622 Necesse
587 579 662 622 est
708 573 866 637 igitur
911 591 1066 637 pauca
1104 574 1319 621 dicamus
1362 575 1420 622 de
1469 575 1665 622 Christo
1712 580 1768 622 ut
1816 574 1934 622 Deo.

225 671 247 709 5
265 656 476 703 Tantum
525 656 556 703 J
561 655 728 704 udaeis
774 660 879 703 erat
925 656 1055 718 apud
1095 655 1256 703 Deum
1293 657 1467 719 gratia,
1506 657 1593 704 ubi
1640 663 1690 704 et
1729 655 1936 720 insignis

258 738 454 800 justitia
488 742 538 786 et
573 738 692 785 fides
727 737 1040 799 originalium
1067 743 1335 798 auctorum,
1367 740 1496 786 unde
1529 738 1626 786 illis
1664 743 1713 786 et
1745 738 1936 801 generis

264 820 546 882 magnitudo
588 824 638 868 et
676 820 818 882 regni
854 820 1128 868 sublimitas
1165 820 1333 868 floruit
1363 827 1412 868 et
1447 825 1587 869 tanta
1621 820 1843 881 felicitas,
1879 827 1936 868 ut

265 903 360 950 Dei
405 902 619 961 vocibus,
657 903 835 966 quibus
883 903 1224 962 edocebantur,
1263 904 1322 951 de
1363 905 1679 967 promerendo
1727 904 1844 962 Deo,
1887 908 1937 951 et

266 1003 362 1033 non
403 985 703 1044 offendendo,
746 990 1191 1048 praemonerentur.
1263 985 1360 1034 Sed
1399 990 1582 1048 quanta
1623 984 1933 1049 deliquerint,

191 1076 250 1115 ‘10
266 1068 442 1116 fiducia
465 1072 662 1131 patrum
686 1068 843 1116 inflati
863 1065 947 1134 [ad
971 1066 1314 1136 delirandum]‚
1333 1069 1606 1117 derivantes
1630 1086 1659 1116 a
1683 1068 1938 1131 disciplina

151 1148 158 1158 ⁷
266 1152 316 1198 in
354 1152 612 1214 profanum
646 1151 857 1209 modum,
898 1151 991 1198 etsi
1028 1151 1124 1215 ipsi
1165 1169 1262 1199 non
1303 1152 1665 1210 confiterentur,
1707 1151 1937 1214 probaret

265 1233 427 1281 exitus
462 1232 724 1281 hodiernus
759 1233 990 1296 ipsorum.
1063 1233 1298 1296 Dispersi,
1334 1234 1611 1297 palabundi,
1649 1238 1699 1281 et
1735 1233 1855 1281 caeli
1881 1237 1938 1280 et

266 1317 356 1363 soli
385 1316 460 1364 sui
484 1322 717 1374 extorres,
741 1320 984 1380 vagantur
1017 1333 1103 1379 per
1127 1318 1306 1376 orbem,
1336 1317 1439 1364 sine
1471 1316 1677 1373 homine,
1704 1316 1807 1363 sine
1834 1315 1937 1363 Deo

266 1462 429 1502 mental
465 1462 586 1513 point
624 1474 679 1500 on
708 1462 848 1501 which
879 1463 909 1502 J
914 1462 1077 1501 udaism
1108 1464 1192 1502 and
1226 1463 1505 1515 Ohristianity
1538 1462 1715 1502 differed
1746 1476 1833 1502 was
1865 1462 1939 1502 the

267 1525 469 1575 Divinity
491 1524 536 1563 of
553 1524 708 1563 Christ.

329 1599 362 1626 1.
392 1590 572 1625 Verum
609 1598 762 1633 neque
803 1590 860 1625 de
901 1588 1087 1626 Christo
1126 1590 1459 1628 erubescimus.
1537 1588 1609 1640 Op.
1649 1588 1771 1627 Rom.
1802 1588 1829 1626 i.
1863 1587 1939 1635 163

274 1662 293 1688 2
316 1650 423 1689 Tim.
443 1648 471 1686 i.
494 1648 544 1696 83
572 1648 694 1686 Luke
713 1648 767 1686 ix.
793 1646 855 1686 26.

380 1722 549 1757 quum:
582 1713 592 1731 ‘
607 1709 719 1748 since
743 1723 805 1748 we
830 1710 982 1761 rejoice
1011 1740 1018 1748 .
1037 1742 1045 1750 .
1063 1708 1086 1747 .'
1150 1711 1285 1761 Quum
1303 1711 1447 1762 brings
1467 1709 1647 1750 forward
1666 1724 1720 1749 an
1741 1711 1940 1750 evidence

271 1773 316 1811 of
330 1784 470 1811 verum
489 1784 619 1822 neque
639 1800 648 1808 .
672 1800 681 1809 .
704 1800 713 1808 .

329 1845 364 1871 2.
395 1834 624 1878 deputari.
674 1831 825 1870 Either
839 1837 848 1852 ‘
861 1835 906 1871 to
925 1833 976 1871 be
996 1831 1218 1884 assigned,'
1236 1836 1246 1853 ‘
1259 1830 1493 1878 reckoned,’
1506 1846 1550 1872 as
1570 1833 1615 1872 in
1634 1834 1717 1873 last
1737 1833 1815 1882 ch„
1838 1837 1912 1872 ete.
1930 1847 1940 1880 ;

271 1909 338 1934 see
358 1898 483 1941 note3
513 1907 559 1931 or
577 1893 683 1932 with
712 1907 767 1931 an
793 1893 938 1944 ellipse
963 1895 1007 1933 of
1031 1896 1079 1933 in
1097 1908 1283 1945 poenam
1306 1913 1341 1926 =
1361 1898 1371 1916 ‘
1386 1898 1431 1933 to
1450 1895 1502 1934 be
1522 1892 1810 1944 condemned,'
1830 1907 1875 1934 as
1894 1895 1940 1932 in

272 1956 450 2007 Capitol.
471 1954 658 1994 Macrin.
689 1966 752 2003 12,
775 1956 939 1994 ‘servos
969 1985 978 1992 .
1006 1985 1015 1992 .
1045 1985 1054 1993 .
1085 1956 1139 1994 ad
1167 1957 1357 2008 gladium
1385 1956 1477 1995 ludi
1506 1954 1751 2008 deputavit'
1765 1969 1776 2005 3
1805 1969 1866 2008 cp.
1890 1956 1941 1994 de

272 2016 368 2056 cult.
376 2017 483 2068 fem.
506 2016 533 2054 i.
558 2027 594 2064 2,
612 2021 621 2036 ⁶
637 2016 826 2054 damnati
846 2017 891 2054 in
909 2030 1087 2067 poenam
1105 2019 1252 2056 mortis
1274 2015 1557 2069 deputantur.'

382 2081 532 2126 aliter,
554 2078 620 2118 i.e.
645 2077 867 2117 otherwise
885 2078 989 2117 than
1010 2079 1062 2117 do
1081 2080 1155 2118 the
1174 2080 1303 2119 Jews.

326 2154 364 2190 4.
396 2142 453 2178 de
485 2141 674 2179 Christo
701 2143 756 2177 ut
786 2142 899 2178 Deo.
957 2140 1029 2191 Op.
1051 2140 1114 2178 ch.
1139 2152 1158 2178 2
1181 2140 1287 2179 with
1316 2144 1426 2189 note,
1449 2140 1533 2179 and
1559 2138 1720 2192 Pliny's
1743 2140 1870 2180 letter
1894 2145 1938 2180 to

270 2202 437 2253 Trajan.

331 2275 391 2302 10.
423 2262 503 2314 [ad
532 2261 851 2312 delirandum]
909 2261 1065 2301 Added
1092 2262 1137 2300 in
1166 2263 1265 2301 Cod.
1296 2263 1419 2302 Fuld.
1464 2263 1598 2303 Other
1628 2263 1720 2302 edd.
1751 2264 1852 2303 read
1881 2264 1940 2303 ad

272 2324 591 2372 declinandum,
612 2337 658 2362 or
678 2323 782 2362 omit
803 2324 1050 2374 altogether.

382 2387 676 2424 derivantes:
711 2385 910 2436 ‘turning
948 2382 1091 2423 aside.'
1145 2384 1235 2424 The
1269 2385 1488 2437 metaphor
1515 2387 1550 2425 is
1579 2386 1674 2425 that
1704 2386 1750 2425 of
1774 2400 1799 2426 a
1827 2386 1940 2425 river

272 2447 442 2498 flowing
462 2451 536 2486 out
556 2446 602 2486 of
616 2447 671 2486 its
686 2447 854 2486 wonted
874 2461 1027 2494 course,
1046 2447 1129 2486 and
1149 2448 1184 2486 is
1205 2461 1230 2486 a
1249 2449 1424 2499 parallel
1440 2461 1517 2487 one
1537 2453 1581 2487 to
1601 2449 1697 2487 that
1716 2449 1939 2488 contained

272 2511 316 2548 in
337 2509 581 2548 exorbitare
593 2524 611 2554 ,·
641 2522 708 2547 see
729 2512 840 2555 note,
863 2509 926 2547 ch.
948 2508 985 2547 6.

331 2582 391 2610 12.
423 2573 652 2618 Dispersi,
672 2572 942 2616 palabundi.
1001 2572 1067 2610 On
1086 2571 1159 2610 the
1180 2575 1288 2611 state
1309 2572 1354 2610 of
1372 2572 1446 2611 the
1465 2574 1582 2612 Jews
1603 2573 1648 2610 in
1667 2570 1938 2612 Tertullian's

273 2633 356 2684 day
375 2646 442 2671 see
462 2633 554 2671 adv.
583 2631 686 2671 Jud.
712 2643 749 2681 2,
774 2643 849 2681 133
878 2634 928 2671 de
945 2633 1093 2684 pudic.
1116 2634 1164 2681 8;
1194 2633 1346 2672 Euseb.
1367 2635 1426 2673 H.
1449 2635 1499 2673 Ε.
1522 2635 1577 2673 iv.
1598 2634 1622 2672 6
1645 2634 1737 2686 (the
1763 2634 1872 2674 edict
1899 2635 1944 2673 of

274 2694 470 2732 Hadrian
491 2693 600 2733 after
618 2694 693 2733 the
713 2695 849 2733 revolt
869 2695 914 2733 of
934 2695 1284 2746 Barchochebas),
1306 2694 1354 2732 τὸ
1384 2696 1463 2734 πᾶν
1490 2694 1600 2735 ἔθνος
1627 2696 1668 2745 ἐξ
1694 2693 1846 2734 ἐκείνου
1870 2695 1938 2734 καὶ

273 2756 345 2803 τῆς
364 2754 450 2805 περὶ
470 2753 522 2793 τὰ
540 2753 799 2804 Ἱεροσόλυμα
817 2754 894 2806 γῆς
912 2753 1074 2803 πάμπαν
1096 2755 1312 2800 ἐπιβαίνειν
1332 2755 1519 2807 εἴργεται,
1537 2756 1659 2805 νόμου
1680 2755 1848 2807 δόγματι
1870 2757 1937 2795 καὶ

275 2815 500 2865 διατάξεσιν
522 2816 741 2866 Ἀδριανοῦ,
763 2817 812 2856 ὡς
837 2813 887 2854 ἂν
906 2816 996 2867 μηδ’
1018 2817 1060 2866 ἐξ
1084 2816 1264 2856 ἀπόπτου
1285 2819 1469 2869 θεωροΐεν
1493 2817 1541 2857 τὸ
1568 2819 1754 2869 πατρῷον
1781 2817 1936 2868 ἔδαφος,

274 2875 633 2927 ἐγκελευσαμένου.
693 2879 758 2918 011
778 2891 855 2916 0116
876 2879 957 2930 day
977 2880 1077 2930 only
1096 2879 1142 2917 in
1168 2880 1241 2918 the
1260 2880 1489 2931 year—the
1509 2881 1784 2932 anniversary
1803 2879 1848 2918 of
1863 2880 1937 2918 the

275 2939 537 2978 destruction
557 2940 601 2977 of
616 2941 645 2979 J
651 2940 1034 2979 erusalem—-could
1053 2940 1126 2979 the
1146 2941 1402 2991 prohibition
1422 2942 1474 2981 be
1496 2942 1657 2981 evaded
1673 2955 1683 2990 3
1712 2954 1779 2981 see
1791 2941 1934 2981 Vales.

275 3002 332 3040 ad
352 3001 503 3039 Euseb.
528 3001 555 3039 Z.
577 3014 638 3049 ο.;
668 3015 729 3052 cp.
750 3002 865 3041 Just.
887 3002 1019 3041 Mart.
1038 3003 1165 3052 Apol.
1190 3003 1217 3040 i.
1242 3002 1306 3043 62.

334 3073 395 3112 13.
427 3065 528 3101 sine
560 3065 763 3101 homine.
822 3063 1044 3102 Corrected
1073 3064 1130 3115 by
1159 3064 1342 3115 Scaliger
1377 3063 1572 3117 (perhaps
1610 3064 1934 3116 unnecessarily)

277 3126 366 3163 into
391 3125 480 3164 sine
504 3125 692 3162 nomine:
723 3137 800 3162 one
828 3124 948 3175 Lyon
974 3125 1066 3165 MS.
1092 3127 1243 3165 inserts
1271 3127 1359 3165 sine
1386 3127 1508 3178 again
1534 3126 1675 3166 before
1700 3138 1802 3177 rege.
1860 3126 1934 3177 Op.

280 3197 296 3224 1
321 3185 430 3225 Sam.
453 3185 539 3224 viii.
562 3184 598 3233 6,
625 3192 671 3235 73
701 3185 805 3224 Hos.
827 3185 887 3225 iii.
910 3196 961 3235 4;
991 3199 1029 3226 x.
1051 3197 1087 3236 3.
