2154 3564
226 185 325 224 CAP.
347 177 507 229 XXIL]
592 169 852 221 adversus
894 167 1084 220 Gentes
1108 175 1213 234 pro
1257 165 1598 220 Christianis.
1821 165 1849 215 8
1855 181 1885 233 3

227 331 327 363 sua.
398 312 614 360 Multum
660 309 964 374 spiritalibus
1005 308 1192 357 viribus
1238 308 1368 366 licet,
1417 312 1475 356 ut
1520 307 1789 355 invisibiles
1837 313 1888 354 et

225 395 530 445 insensibiles
554 394 605 440 in
630 393 803 441 effectu
826 392 987 457 potius
1012 409 1157 454 quam
1180 391 1233 438 in
1257 395 1371 438 actu
1395 407 1481 438 suo
1505 394 1799 453 appareant:
1848 389 1888 436 si

226 495 380 542 poma,
420 477 460 525 si
500 477 663 539 fruges
705 475 865 523 nescio
908 474 1037 538 quod
1076 490 1220 521 aurae
1262 474 1418 521 latens
1456 472 1637 520 vitium
1677 471 1730 518 in
1771 471 1889 518 flore

226 559 531 624 praecipitat,
564 559 618 605 in
652 557 866 621 germine
902 556 1160 615 exanimat,
1185 556 1238 603 in
1269 556 1528 618 pubertate
1561 553 1888 611 convulnerat,

228 660 284 692 ac
325 643 367 691 si
407 659 544 690 caeca
585 641 775 689 ratione
816 644 1035 688 tentatus
1081 647 1163 687 aer
1202 639 1485 702 pestilentes
1530 638 1734 686 haustus
1783 652 1889 684 suos
1908 660 1929 700 5

228 724 467 772 offundit:
529 724 695 771 eadem
746 721 900 784 igitur
951 721 1246 769 obscuritate
1303 720 1604 783 contagionis
1659 718 1891 781 aspiratio

227 807 515 855 daemonum
561 810 611 854 et
657 805 939 869 angelorum
985 804 1160 851 mentis
1208 820 1399 867 quoque
1446 802 1746 865 corruptelas
1788 800 1892 862 agit

227 889 472 937 furoribus
520 894 568 936 et
615 886 841 934 amentiis
887 885 1051 944 foedis,
1102 890 1188 933 aut
1240 885 1395 933 saevis
1447 883 1731 931 libidinibus
1784 899 1893 929 cum

228 970 472 1018 erroribus
512 969 692 1028 variis3
747 985 952 1031 quorum
998 967 1089 1015 iste
1135 967 1430 1030 potissimus,
1474 983 1570 1029 quo
1620 966 1732 1012 deos
1773 965 1893 1012 istos

229 1052 382 1115 captis
423 1056 473 1099 et
516 1050 890 1113 circumscriptis
926 1049 1174 1097 hominum
1207 1049 1451 1096 mentibus
1486 1047 1800 1105 commendat,
1837 1050 1894 1093 ut
1913 1066 1963 1094 10

230 1139 280 1182 et
303 1134 396 1183 sibi
419 1134 597 1197 pabula
620 1132 818 1196 propria
837 1131 1019 1179 nidoris
1039 1136 1089 1180 et
1106 1131 1356 1194 sanguinis
1374 1134 1600 1193 procuret
1625 1129 1896 1177 simulacris

229 1220 279 1264 et
319 1216 612 1277 imaginibus
652 1215 827 1273 oblata,
872 1218 922 1262 et
960 1231 1083 1277 quae
1129 1213 1229 1261 illis
1277 1212 1545 1261 accuratior
1584 1228 1762 1274 pascua
1807 1215 1894 1269 est,

229 1297 472 1345 hominem
513 1315 541 1345 a
583 1297 802 1358 cogitatu
841 1313 983 1345 verae
1030 1295 1306 1345 divinitatis
1349 1299 1576 1343 avertant
1619 1293 1897 1356 praestigiis

228 1380 376 1428 falsae
412 1378 736 1428 divinationis.
808 1378 940 1438 Quas
977 1384 1025 1426 et
1062 1378 1192 1441 ipsas
1231 1377 1466 1441 quomodo
1502 1380 1776 1439 operentur,
1817 1392 1896 1423 ex-

229 1462 436 1525 pediam.
508 1460 680 1510 Omnis
714 1460 917 1523 spiritus
949 1461 1047 1507 ales
1081 1464 1181 1507 est:
1221 1461 1309 1507 hoc
1349 1459 1509 1522 angeli
1544 1462 1593 1506 et
1627 1458 1894 1505 daemones.
1914 1473 1962 1513 15

230 1544 394 1607 Igitur
429 1549 670 1590 momento
705 1542 885 1605 ubique
922 1547 1065 1591 sunt:
1115 1546 1248 1590 totus
1291 1542 1420 1590 orbis
1456 1541 1558 1588 illis
1596 1540 1729 1588 locus
1770 1556 1897 1587 unus

231 1631 305 1673 est
326 1643 338 1685 3
388 1625 506 1689 quid
528 1625 707 1687 ubique
731 1628 941 1686 geratur,
968 1629 1069 1671 tam
1093 1624 1230 1671 facile
1255 1623 1430 1681 sciunt,
1458 1640 1602 1686 quam
1627 1621 1896 1669 enuntiant.

230 1707 474 1755 Velocitas
510 1706 741 1754 divinitas
772 1705 1000 1764 creditur,
1027 1705 1142 1768 quia
1173 1705 1448 1753 substantia
1479 1705 1747 1766 ignoratur.
1819 1702 1898 1751 Sic

232 1794 282 1838 et
318 1793 539 1837 auctores
571 1788 819 1836 interdum
841 1787 996 1835 videri
1019 1788 1194 1836 volunt
1222 1805 1390 1835 eorum
1423 1803 1544 1850 quae
1577 1783 1896 1834 annuntiant:

233 1877 283 1920 et
319 1876 433 1920 sunt
468 1872 612 1934 plane
647 1871 884 1918 malorum
920 1887 1283 1934 nonnunquam,
1309 1871 1545 1918 bonorum
1577 1873 1742 1916 tamen
1774 1884 1897 1914 nun·
1918 1881 1968 1908 20

289 2015 326 2052 4.
357 2003 650 2048 praecipitat.
708 1999 810 2039 This
829 2000 945 2039 word
973 2001 1009 2039 is
1033 2001 1137 2039 used
1165 2000 1211 2040 of
1230 1999 1533 2039 unseasonable
1561 1997 1838 2038 forwardness
1859 1997 1905 2036 of

233 2064 356 2116 grain
376 2077 422 2102 or
440 2063 572 2112 fruit3
601 2076 645 2102 so
666 2062 901 2102 Columella
919 2062 979 2100 iii.
1005 2074 1067 2101 21.
1093 2073 1143 2102 10
1172 2062 1217 2101 of
1242 2062 1317 2102 the
1336 2062 1523 2113 vintage.
1580 2060 1669 2099 The
1689 2059 1804 2099 word
1832 2072 1898 2098 re-

233 2139 327 2165 curs
348 2126 410 2164 ch.
432 2136 498 2176 41.

291 2199 327 2238 5.
357 2191 579 2232 tentatus,
602 2183 858 2226 ‘infected'z
889 2199 915 2225 a
933 2186 1114 2225 medical
1138 2189 1247 2224 term
1276 2185 1380 2224 used
1409 2184 1456 2224 of
1479 2185 1619 2236 poison
1652 2182 1732 2222 and
1754 2186 1897 2222 conta-

232 2249 356 2301 gion;
385 2261 515 2298 comp.
538 2248 706 2286 Sueton.
728 2247 845 2297 Vesp.
869 2258 945 2298 243
973 2247 1139 2286 Lucret.
1161 2247 1216 2285 vi.
1243 2246 1497 2295 1088-1103.

293 2321 356 2348 10.
387 2308 1011 2359 circumscriptis=deeeptis;
1041 2321 1087 2347 as
1105 2308 1151 2345 in
1171 2307 1314 2346 Cicero
1333 2306 1464 2346 Acad.
1488 2311 1641 2358 quaest.
1663 2305 1706 2344 ii.
1733 2315 1792 2355 15.
1810 2303 1876 2355 46.

293 2383 354 2410 11.
382 2373 555 2417 pabula
574 2371 775 2416 propria.
817 2370 960 2420 Gomp.
983 2369 1047 2408 ch.
1071 2380 1135 2418 23.
1176 2366 1451 2408 Tertullian's
1472 2367 1763 2407 materialistic
1778 2367 1896 2405 ideas

236 2432 282 2471 of
305 2432 377 2470 the
405 2436 557 2470 nature
588 2432 633 2470 of
652 2432 806 2482 spirits,
837 2444 882 2470 as
913 2431 1179 2482 exemplified
1207 2431 1321 2476 here,
1350 2443 1461 2468 were
1491 2429 1643 2468 shared
1671 2429 1728 2480 by
1747 2429 1778 2467 J
1782 2428 1896 2466 ustin

236 2494 406 2545 Martyr
425 2491 565 2546 (Apol.
585 2493 628 2533 ii.
652 2493 695 2543 5)
721 2493 805 2532 and
832 2493 952 2532 other
971 2494 1148 2532 writers.
1196 2493 1285 2531 The
1313 2492 1461 2530 notion
1489 2504 1710 2541 reappears
1739 2491 1789 2529 de
1817 2503 1895 2529 res.

237 2569 352 2595 carn.
378 2563 441 2605 17,
461 2555 601 2593 where
619 2555 858 2594 Tertullian
877 2555 1049 2606 regards
1068 2554 1141 2594 the
1168 2554 1327 2592 human
1356 2553 1447 2592 soul
1475 2565 1521 2591 as
1551 2553 1596 2590 in
1615 2565 1728 2591 some
1748 2552 1898 2603 degree

237 2617 462 2668 corporeal.
520 2615 596 2655 See
615 2621 727 2662 note,
748 2616 810 2655 ch.
835 2616 900 2667 48.

297 2690 359 2718 12.
391 2690 509 2725 quae
539 2681 636 2716 illis
666 2680 927 2717 accuratior
957 2689 1130 2722 pascua
1159 2681 1256 2716 est:
1290 2674 1451 2715 ‘which
1485 2675 1522 2712 is
1552 2677 1598 2713 to
1631 2674 1748 2713 them
1778 2688 1803 2713 a
1833 2673 1898 2712 far

238 2753 352 2779 more
373 2740 588 2791 palatable
616 2740 803 2790 banquet
816 2737 826 2755 '
841 2752 852 2786 ;
881 2752 905 2777 a
924 2737 1065 2777 forced
1084 2738 1281 2788 meaning
1300 2742 1346 2777 to
1365 2738 1460 2788 give
1479 2740 1524 2775 to
1545 2737 1799 2784 acca-ratior,
1820 2736 1898 2774 but

238 2813 440 2840 accurare
468 2801 504 2839 is
535 2801 639 2839 used
668 2801 726 2851 by
756 2801 936 2839 Plautus
971 2800 1084 2850 Epp.
1118 2812 1158 2837 v.
1197 2810 1231 2839 1.
1267 2809 1316 2849 55
1349 2798 1413 2837 for
1444 2798 1662 2849 ‘regaling
1692 2811 1718 2836 a
1749 2796 1897 2848 guest.'

238 2865 411 2904 Pascua
431 2876 476 2901 as
496 2877 521 2901 a
541 2863 671 2901 subst.
690 2863 726 2901 is
746 2862 937 2901 confined
965 2865 1009 2900 to
1037 2861 1125 2900 late
1145 2861 1276 2900 Latin
1294 2874 1304 2900 z
1333 2861 1369 2900 it
1389 2861 1424 2899 is
1444 2859 1576 2899 found
1596 2860 1641 2899 in
1659 2859 1733 2899 the
1751 2860 1899 2911 Vulg.,

238 2927 338 2967 Joel
355 2926 382 2964 i.
407 2927 482 2972 183
511 2925 634 2964 Ezek.
656 2924 796 2963 xxxiv.
820 2934 883 2973 31.

299 2999 316 3025 1
328 2998 363 3038 5.
392 2990 481 3026 hoc
504 2987 660 3032 angeli
679 2990 726 3025 et
747 2988 1010 3024 daemones.
1067 2983 1177 3032 Hoc,
1196 2985 1225 3024 i.
1241 2997 1274 3024 e.
1298 2986 1309 3005 ‘
1323 2983 1519 3035 winged,’
1537 2982 1744 3033 referring
1763 2985 1807 3021 to
1826 2982 1900 3021 the

237 3048 458 3101 preceding
478 3047 581 3086 ales.

298 3111 360 3149 18.
381 3111 620 3148 Velocitas
636 3109 862 3146 divinitas
879 3108 1112 3146 ereditur:
1134 3105 1162 3144 i.
1176 3118 1206 3145 e.
1223 3106 1336 3145 their
1356 3105 1564 3145 swiftness
1583 3106 1619 3144 is
1637 3103 1839 3156 regarded
1854 3118 1899 3143 as

241 3185 266 3210 a
285 3169 406 3222 proof
418 3171 464 3210 of
478 3170 590 3210 their
611 3169 809 3221 divinity‚
831 3167 1058 3220 especially
1076 3180 1122 3206 as
1141 3167 1254 3207 their
1273 3168 1363 3206 real
1381 3172 1534 3207 nature
1553 3168 1588 3206 is
1608 3167 1832 3206 unknown.

1020 3250 1116 3291 ΘΖ
