2154 3564
255 194 355 233 CAP.
378 188 451 239 IL]
576 180 838 231 adversus
882 179 1072 231 Gentes
1096 188 1201 245 pro
1245 178 1588 231 Christianis.
1853 194 1874 227 1
1890 194 1910 227 1

253 325 377 372 circa
408 329 648 383 nocenteS‚
676 340 788 385 ergo
813 340 898 370 nos
925 321 1343 370 innocentissimos
1362 321 1608 384 judicatis,
1635 337 1745 368 cum
1779 321 1918 383 quasi

251 405 667 453 innocentissimos
686 423 782 453 non
801 405 953 453 vultis
977 406 1029 452 in
1047 422 1102 452 ea
1121 403 1414 452 confessione
1430 418 1752 465 perseverare,
1771 420 1919 465 quam

251 487 552 544 necessitate,
577 504 673 534 non
692 488 888 549 justitia
912 486 1232 534 damnandam
1257 502 1285 532 a
1309 485 1445 532 vobis
1469 484 1648 532 sciatis.

320 569 630 616 Vociferatur
664 569 834 617 homo:
875 567 1186 616 Christianus
1218 584 1338 614 sum.
1411 566 1554 626 Quod
1570 571 1652 613 -est
1677 565 1796 614 dicit
1813 582 1824 623 ;
1861 571 1918 613 tu

252 650 325 698 vis
349 651 520 698 audire
536 651 664 713 quod
688 668 784 698 non
804 655 890 698 est.
938 649 1174 698 Veritatis
1200 648 1555 710 extorquendae
1579 648 1839 710 praesideS,
1861 649 1918 695 de
1938 663 1959 702 5

251 732 388 780 nobis
416 733 528 780 solis
563 733 869 781 mendacium
908 732 1167 781 elaboratis
1204 731 1385 778 audire.
1458 732 1565 778 Hoc
1596 747 1716 788 sum,
1743 729 1918 791 inquit,

252 815 381 876 quod
406 815 608 876 quaeris,
636 833 698 862 an
736 815 859 873 sim3
897 814 1017 876 quid
1041 831 1116 860 me
1151 818 1352 875 torques
1377 812 1429 859 in
1464 814 1776 874 perversum?
1815 828 1917 859 con-

251 896 407 950 fiteor,
451 901 499 943 et
537 901 736 959 torques
757 913 769 956 ;
820 897 938 959 quid
971 897 1166 954 facereS‚
1207 896 1248 943 si
1290 895 1548 957 negarem‘.l
1616 894 1770 941 Plane
1809 894 1920 941 aliis

251 979 545 1041 negantibus
580 996 678 1026 non
713 979 852 1026 facile
888 977 1031 1025 fidem
1065 976 1473 1036 accommodatis;
1510 976 1665 1034 nobis,
1697 976 1737 1023 si
1773 992 1918 1038 nega—

251 1056 479 1116 verimus,
506 1057 672 1104 statim
699 1056 907 1103 creditis.
979 1056 1215 1119 Suspecta
1239 1055 1302 1103 sit
1328 1055 1463 1103 vobis
1488 1054 1581 1102 ista
1614 1054 1917 1116 perversitas,
1941 1069 1989 1096 10

251 1154 313 1184 ne
359 1155 455 1200 qua
498 1138 567 1184 vis
605 1138 758 1185 lateat
796 1139 848 1184 in
891 1138 1094 1197 occulto,
1136 1154 1259 1200 quae
1300 1154 1386 1184 vos
1430 1137 1659 1184 adversus
1696 1137 1918 1193 formam,

252 1220 478 1267 adversus
504 1225 731 1282 naturam
750 1220 1015 1281 judicandi,
1041 1227 1210 1267 contra
1235 1220 1366 1281 ipsas
1393 1235 1580 1281 quoque
1603 1219 1730 1280 leges
1755 1218 1919 1265 minis-

251 1306 362 1348 tret.
398 1301 508 1348 Nisi
533 1301 660 1348 enim
680 1302 836 1361 fallor,
864 1302 994 1364 leges
1017 1302 1169 1349 malos
1199 1301 1304 1348 erui
1322 1302 1512 1364 jubent,
1540 1318 1636 1347 non
1658 1300 1883 1348 abscondi
1907 1319 1917 1358 3

251 1384 488 1431 confessos
524 1384 748 1431 damnari
784 1384 1136 1446 praescribunt,
1175 1401 1272 1431 non
1307 1383 1506 1431 absolvi.
1580 1383 1688 1429 Hoc
1724 1388 1920 1430 senatus

251 1465 488 1523 consulta,
526 1466 616 1513 hoc
652 1465 931 1528 principum
967 1466 1199 1513 mandata
1233 1465 1488 1522 definiunt,
1519 1464 1608 1512 hoc
1644 1464 1918 1527 imperium,
1940 1488 1986 1527 15

251 1548 386 1608 cujus
405 1546 620 1594 ministri
646 1547 775 1594 estis.
814 1547 1002 1606 Civilis,
1024 1565 1121 1594 non
1147 1546 1400 1609 tyrannica
1418 1546 1687 1594 dominatio
1711 1543 1915 1612 [vestra]

251 1635 338 1676 est.
407 1628 554 1691 Apud
594 1633 827 1690 tyrannos
857 1629 987 1677 enim
1021 1633 1263 1677 tormenta
1289 1628 1435 1676 etiam
1472 1645 1561 1690 pro
1596 1645 1750 1690 poena
1781 1628 1920 1675 adhi-

249 1711 426 1757 bentur
445 1726 458 1769 ;
494 1711 624 1772 apud
649 1728 732 1758 vos
757 1711 847 1758 soli
872 1711 1143 1773 quaestioni
1169 1714 1518 1774 temperantur.
1566 1710 1795 1756 Vestram
1819 1709 1919 1756 illis

252 1796 438 1839 servate
462 1793 617 1854 legem
641 1809 797 1854 usque
824 1793 886 1840 ad
911 1792 1277 1850 confessionem3
1315 1795 1362 1839 et
1388 1791 1429 1839 si
1458 1791 1753 1839 confessione
1778 1808 1918 1855 prae-

252 1965 336 2003 this
366 1964 461 2017 day,
482 1965 686 2017 although
714 1966 934 2017 cognizant
964 1966 1008 2005 of
1033 1966 1147 2005 what
1176 1965 1424 2003 constitutes
1450 1962 1632 2011 murder,
1664 1976 1747 2014 you
1775 1976 1919 2002 never-

249 2027 409 2065 theless
435 2026 542 2065 from
571 2041 596 2065 a
625 2027 840 2066 confessed
869 2028 1086 2067 murderer
1113 2027 1228 2066 elicit
1251 2027 1325 2066 the
1350 2027 1671 2065 circumstances
1697 2025 1921 2064 attendant

250 2101 363 2139 upon
380 2088 455 2126 the
473 2089 706 2127 committal
727 2088 771 2127 of
790 2089 863 2128 the
882 2088 977 2129 act.’

309 2164 343 2191 1.
373 2155 497 2192 eirca
514 2166 523 2192 :
554 2155 565 2174 ‘
584 2154 630 2191 in
657 2157 818 2205 respect
845 2152 918 2203 to‚’
943 2155 1009 2194 ‘in
1028 2154 1101 2194 the
1120 2168 1213 2193 case
1233 2153 1278 2193 of
1290 2151 1300 2168 ’
1318 2165 1329 2202 ;
1363 2166 1388 2191 a
1407 2152 1494 2191 late
1513 2165 1633 2204 prose
1651 2165 1724 2190 use
1744 2151 1789 2190 of
1804 2153 1918 2191 cirea

250 2228 352 2266 very
370 2214 565 2265 frequent
585 2216 629 2253 in
649 2216 888 2254 Tertullian
906 2216 990 2255 and
1010 2216 1125 2256 often
1144 2214 1363 2268 employed
1381 2215 1436 2267 by
1453 2214 1709 2262 Quintilian,
1731 2226 1810 2265 aq.
1828 2214 1857 2253 i.
1881 2225 1916 2261 1,

255 2287 332 2324 213
365 2287 403 2327 5,
426 2287 504 2326 343
532 2276 575 2315 ii.
595 2287 634 2327 5,
659 2276 734 2324 263
763 2277 820 2317 vi.
843 2289 880 2327 3,
905 2289 967 2330 19.

303 2350 342 2388 4.
375 2341 515 2383 Quod
534 2343 605 2377 est
625 2342 754 2379 dicit.
814 2342 825 2360 ‘
842 2340 912 2379 He
940 2340 1038 2379 tells
1066 2352 1150 2391 you
1169 2339 1284 2378 What
1311 2338 1364 2376 he
1390 2337 1425 2376 is
1443 2335 1476 2377 ἐ
1521 2349 1651 2387 comp.
1682 2337 1755 2375 the
1783 2336 1918 2375 words

251 2399 295 2438 of
310 2399 350 2438 S.
372 2400 593 2451 Perpetua,
613 2400 724 2441 Aeta
748 2400 825 2441 SS.
840 2402 970 2453 Perp.
993 2405 1034 2440 et
1052 2402 1181 2440 Feh‘c.
1202 2401 1230 2440 i.
1256 2413 1292 2449 2,
1315 2402 1326 2422 ‘
1342 2400 1431 2451 Ego
1450 2399 1566 2438 aliud
1595 2412 1661 2436 me
1682 2398 1819 2437 dicere
1835 2412 1919 2437 non

249 2473 429 2511 possum,
475 2462 556 2500 nisi
601 2463 714 2513 quod
761 2477 853 2502 sum
901 2464 1140 2503 Christiana
1156 2462 1165 2478 '
1182 2476 1193 2511 ;
1241 2462 1350 2501 Acta
1389 2474 1580 2512 procons.
1625 2459 1669 2500 S.
1711 2460 1836 2511 Cypr.
1881 2472 1917 2509 1,

253 2525 262 2541 ‘
279 2522 545 2562 Christianus
566 2536 657 2562 sum
678 2529 721 2563 et
741 2526 954 2577 episcopus
968 2524 978 2542 '
993 2539 1002 2573 ;
1025 2528 1096 2565 etc.

311 2594 373 2623 10.
398 2587 624 2630 Suspecta
639 2589 701 2624 sit
714 2590 863 2626 vobis.
899 2590 909 2608 ‘
920 2588 1001 2626 Let
1016 2587 1099 2626 this
1115 2584 1292 2625 crooked
1301 2584 1470 2635 dealing
1479 2583 1526 2622 of
1529 2596 1653 2634 yours
1667 2583 1765 2621 lead
1776 2596 1858 2634 you
1873 2587 1917 2622 to

251 2650 414 2695 suspect
426 2646 500 2684 the
508 2648 744 2699 possibility
757 2649 802 2686 of
810 2649 930 2687 there
944 2649 1069 2700 being
1084 2661 1196 2686 some
1209 2650 1344 2685 secret
1356 2645 1513 2683 hidden
1523 2658 1662 2695 power
1675 2643 1702 2689 ';
1728 2644 1919 2696 alluding

252 2712 295 2745 to
327 2706 399 2745 the
430 2707 715 2747 daemoniaca]
745 2722 904 2761 agency
930 2710 1083 2759 Which,
1118 2709 1163 2747 in
1195 2705 1464 2747 Tertullian's
1493 2707 1614 2754 view,
1637 2706 1824 2757 inspired
1843 2707 1918 2745 the

251 2767 428 2806 enemies
449 2768 494 2807 of
508 2769 790 2822 Christianity
806 2783 817 2819 ;
845 2784 913 2810 see
925 2771 1066 2819 below,
1089 2772 1099 2791 ‘
1114 2769 1320 2822 quaedam
1335 2768 1522 2808 aemulae
1536 2766 1813 2819 operationis,'
1833 2768 1917 2806 and

251 2829 316 2867 ch.
340 2840 406 2878 22,
430 2840 495 2879 23,
518 2839 581 2881 27.

309 2901 372 2931 11.
402 2903 519 2937 quae
539 2905 624 2931 vos
657 2922 666 2932 .
697 2922 707 2931 .
739 2924 749 2933 .
779 2897 1206 2944 mjmstretz=qaae
1235 2924 1245 2932 .
1277 2923 1286 2932 .
1319 2921 1328 2930 .
1359 2894 1493 2931 vestro
1505 2893 1737 2931 ministerio
1752 2894 1916 2930 utatur.

308 2953 371 2991 18.
402 2956 527 3000 apud
545 2966 630 2992 vos
644 2983 653 2992 .
669 2984 679 2995 .
696 2985 705 2994 .
720 2958 1061 3002 temperantur:
1093 2958 1103 2976 ‘
1114 2955 1219 2994 with
1234 2968 1316 3006 you
1335 2954 1407 2993 the
1422 2967 1495 2993 use
1511 2954 1556 2992 of
1570 2958 1730 2993 torture
1750 2954 1784 2991 is
1803 2953 1916 2991 mod-

252 3014 396 3053 erated
425 3015 508 3054 and
536 3016 725 3055 confined
743 3020 788 3055 to
807 3017 880 3056 the
901 3029 1099 3068 purposes
1126 3016 1172 3055 of
1195 3016 1476 3055 examination
1496 3014 1622 3066 only?
1677 3015 1753 3054 See
1774 3015 1917 3054 Cicero

244 3089 330 3126 pro
359 3076 459 3115 Mil.
502 3085 567 3129 57,
606 3084 615 3098 ‘
633 3077 743 3125 Quid
781 3091 882 3130 opus
921 3082 984 3117 est
1021 3078 1210 3117 tortore?
1257 3078 1360 3129 quid
1398 3078 1589 3129 quaeris?
1637 3077 1916 3116 occideritne?

252 3138 415 3178 occidit.
471 3140 501 3178 J
505 3152 579 3177 ure
616 3153 671 3178 an
708 3140 892 3190 injuria?
939 3140 1047 3178 nihil
1077 3139 1132 3179 ad
1166 3143 1380 3179 tortorem.
1437 3139 1557 3177 Facti
1591 3139 1702 3177 enim
1740 3138 1914 3189 equuleo

252 3201 440 3247 quaestio
460 3205 534 3248 est,
555 3202 661 3253 juris
679 3202 725 3239 in
741 3201 897 3253 judicio
910 3199 919 3216 ’
936 3215 945 3241 ε
975 3215 1106 3253 comp.
1127 3201 1219 3241 Liv.
1241 3202 1268 3241 i.
1294 3202 1343 3240 18
1355 3215 1365 3250 ;
1396 3200 1554 3240 Sallust
1575 3199 1701 3240 Catil.
1725 3210 1787 3237 11.
