2154 3564
344 225 415 280 34
802 208 1136 261 Tertulliani
1169 206 1540 274 Apologetz‘cus
1799 215 1918 268 [CAP.
1937 219 2012 260 IX.

343 357 569 416 petretur
593 351 731 416 (licet
765 351 1083 415 parricidium
1119 349 1379 397 homicidio
1415 349 1636 414 intersit)
1662 355 1917 398 convertar
1951 351 2014 399 ad

344 435 594 499 populum.
667 435 801 495 Quot
825 434 980 482 vultis
1004 451 1064 480 ex
1087 432 1164 480 his
1190 431 1617 480 circumstantibus
1654 437 1704 480 et
1728 432 1779 479 in
1806 432 2014 481 Christi-

344 535 547 566 anorum
573 518 860 579 sanguinem
883 515 1151 574 hiantibuS,
1177 531 1237 563 ex
1259 514 1377 577 ipsis
1403 514 1548 562 etiam
1573 515 1710 562 vobis
1728 515 2013 578 justissimis

345 605 394 648 et
419 598 733 648 severissimis
769 600 822 646 in
844 615 931 646 nos
955 597 1259 662 praesidibus
1295 597 1424 660 apud
1457 597 1774 646 conscientias
1810 598 2012 661 pulsem,

306 699 328 740 5
346 683 432 744 qui
456 685 597 729 natos
620 681 711 729 sibi
743 681 922 728 liberos
946 681 1180 728 enecentCl
1253 679 1503 742 Siquidem
1528 685 1576 727 et
1600 681 1659 728 de
1684 698 1857 743 genere
1882 680 2014 728 necis

345 763 509 811 differt
545 763 715 825 utique
757 762 999 811 crudelius
1045 763 1098 809 in
1140 779 1236 826 qua
1284 761 1514 825 spiritum
1562 762 1878 825 extorquetis,
1928 767 2017 810 aut

343 846 518 909 frigori
544 851 592 893 et
620 845 737 892 fami
774 849 824 893 et
848 845 1052 893 canibus
1088 844 1367 907 exponitis3
1403 844 1533 891 ferro
1570 845 1702 891 enim
1732 845 1857 892 mori
1883 850 2015 893 aetas

344 945 537 991 quoque
562 930 714 990 major
738 927 995 990 optaverit.
1066 926 1222 974 Nobis
1246 943 1375 985 vero,
1402 926 1666 974 homicidio
1691 928 1836 975 semel
1860 927 2015 975 inter-

322 1032 324 1034 *
344 1010 486 1069 dicto,
507 1010 655 1058 etiam
678 1014 962 1072 conceptum
980 1013 1132 1067 utero,
1154 1009 1272 1056 dum
1295 1008 1451 1056 adhuc
1477 1009 1675 1071 sanguis
1694 1009 1747 1056 in
1770 1010 2017 1057 hominem

278 1107 329 1135 10
345 1093 603 1152 delibatur,
623 1092 888 1140 dissolvere
912 1109 1009 1139 non
1032 1091 1162 1139 licet.
1235 1090 1508 1138 Homicidii
1532 1091 1780 1139 festinatio
1806 1096 1880 1139 est
1903 1109 2015 1155 pro-

343 1174 509 1222 hibere
552 1174 685 1222 nasci
710 1190 723 1233 ;
775 1191 861 1222 nec
903 1174 1053 1221 refert
1093 1177 1259 1221 natam
1300 1173 1408 1236 quis
1451 1171 1628 1235 eripiat
1676 1172 1903 1233 animam,
1953 1191 2016 1221 an

345 1260 626 1304 nascentem
662 1256 937 1304 disturbet:
974 1256 1116 1303 homo
1153 1260 1241 1314 est,
1281 1261 1330 1303 et
1365 1254 1450 1318 qui
1486 1259 1561 1302 est
1597 1256 1823 1316 futurus;
1867 1255 2016 1303 etiam

348 1339 537 1386 fructus
563 1337 718 1385 omnis
738 1340 839 1400 jam
863 1337 915 1384 in
939 1338 1119 1385 semine
1141 1343 1226 1385 est.

416 1421 492 1468 De
524 1420 776 1484 sanguinis
811 1421 990 1484 pabulo
1028 1424 1078 1468 et
1113 1419 1348 1483 ejusmodi
1382 1419 1583 1482 tragicis
1618 1420 1816 1468 ferculis
1853 1420 2013 1483 legite,

280 1517 328 1557 15
347 1502 565 1550 nuncubi
588 1502 798 1550 relatum
823 1502 902 1561 sit,
932 1499 1029 1568 [est
1052 1502 1182 1565 apud
1207 1500 1528 1562 Herodotum,
1559 1499 1754 1568 opinor]
1791 1503 2014 1551 defusum

346 1584 557 1632 brachiis
582 1584 866 1647 sanguinem
887 1602 947 1632 ex
962 1584 1200 1631 alterutro
1219 1582 1531 1646 degustatum
1546 1584 1767 1631 nationes
1784 1585 2016 1646 quasdam

347 1668 532 1716 foederi
556 1683 869 1730 comparasse.
939 1667 1116 1715 Nescio
1141 1667 1259 1729 quid
1283 1670 1334 1714 et
1362 1667 1453 1713 sub
1479 1666 1695 1714 Catilina
1720 1667 1818 1715 tale
1842 1668 2016 1732 degus-

403 1803 444 1843 4.
473 1793 599 1837 apud
628 1791 945 1829 conscientias
975 1791 1175 1838 pulsem,
1206 1789 1372 1829 ‘whose
1400 1790 1660 1829 consciences
1690 1791 1714 1830 I
1743 1789 1885 1843 prick'
1901 1804 1912 1839 3
1941 1792 2015 1831 the

347 1853 567 1903 metaphor
599 1852 634 1890 is
665 1851 762 1890 that
791 1851 837 1889 of
860 1851 1072 1903 knocking
1103 1855 1148 1890 at
1183 1865 1208 1890 a
1242 1851 1345 1890 door
1377 1854 1421 1890 to
1452 1852 1577 1891 make
1609 1853 1788 1904 enquiry
1817 1853 2015 1904 (pulsare

336 1915 496 1966 fores).
556 1913 755 1952 Contrast
773 1912 848 1951 the
867 1913 1063 1963 meaning
1083 1913 1129 1952 of
1146 1915 1156 1933 ‘
1172 1913 1362 1952 veritatis
1382 1913 1489 1952 fores
1505 1912 1704 1965 pulsant‚'
1720 1914 1771 1952 de
1787 1917 1877 1954 test.
1892 1928 1962 1954 an.
1978 1926 2014 1954 Ι.

404 1987 442 2026 5.
472 1977 555 2021 qui
574 1979 711 2013 natos
751 1976 843 2012 sibi
873 1976 1052 2013 liberos
1083 1979 1293 2014 enecent.
1353 1975 1494 2025 Comp.
1534 1975 1729 2014 Lactant.
1767 1976 1798 2014 I
1799 1979 1878 2015 nst.
1913 1976 2013 2015 Div.

347 2038 403 2076 vi.
429 2049 478 2076 20
497 2051 506 2086 3
535 2037 620 2076 and
639 2036 703 2075 for
721 2036 795 2075 the
815 2036 998 2075 horrible
1017 2037 1218 2087 practices
1240 2036 1286 2075 of
1300 2036 1486 2076 heathen
1506 2036 1693 2076 diviners
1706 2038 1858 2077 Euseb.
1879 2037 1939 2079 H.
1956 2039 2013 2078 E.

347 2100 421 2139 vii.
447 2111 524 2148 103
553 2099 641 2138 viii.
670 2110 748 2150 143
787 2099 872 2138 Vit.
903 2099 1042 2138 Const.
1064 2098 1090 2136 i.
1115 2097 1181 2147 36.

405 2169 441 2213 7.
471 2164 596 2201 ferro
617 2163 744 2200 enim
764 2162 886 2200 mori
905 2173 914 2199 z
947 2160 1074 2199 death
1104 2161 1161 2212 by
1180 2159 1254 2198 the
1273 2159 1403 2209 knife,
1425 2159 1499 2199 the
1526 2160 1701 2200 method
1730 2161 1775 2200 of
1800 2161 2017 2213 slaughter

347 2236 431 2275 you
450 2223 656 2263 attribute
675 2226 720 2261 to
739 2222 813 2261 the
835 2222 1087 2261 Christians.

402 2299 441 2337 9.
471 2289 751 2331 conceptum
787 2289 938 2324 utero.
996 2283 1210 2322 Abortion
1238 2282 1323 2321 and
1352 2283 1599 2322 infanticide
1630 2297 1740 2323 were
1778 2286 2016 2337 commonly

347 2348 534 2387 resorted
561 2350 606 2386 to
635 2347 692 2398 by
712 2346 875 2385 Roman
904 2346 1058 2394 wives3
1087 2344 1198 2384 their
1227 2344 1437 2396 degraded
1466 2345 1594 2384 views
1625 2346 1670 2384 of
1694 2347 1902 2398 marriage
1931 2348 2015 2387 and

349 2410 425 2449 the
447 2409 622 2448 absence
643 2408 688 2447 of
703 2408 897 2460 conjugal
917 2408 1012 2447 love
1033 2407 1241 2457 entailing
1262 2420 1287 2445 a
1305 2406 1468 2445 morbid
1495 2407 1670 2445 distaste
1689 2407 1754 2446 for
1772 2408 1846 2446 the
1863 2409 1955 2460 joys
1976 2409 2022 2447 of

347 2471 591 2522 maternity.
649 2468 953 2517 Wordsworth,
988 2467 1152 2509 Charch
1181 2467 1301 2507 Hist.
1332 2468 1358 2507 i.
1391 2469 1468 2517 328
1499 2468 1542 2506 ff.
1613 2469 1782 2508 Tacitus
1812 2470 2015 2521 applauds

347 2534 421 2573 the
441 2547 566 2585 purer
584 2533 718 2571 moral
737 2531 1000 2583 atmosphere
1021 2531 1066 2570 of
1081 2531 1154 2570 the
1172 2532 1358 2570 German
1377 2531 1520 2570 homes
1543 2530 1712 2583 (Germ.
1739 2532 1821 2584 19).

407 2607 467 2634 10.
498 2596 749 2634 delibatur.
791 2594 834 2633 It
854 2593 890 2632 is
911 2593 1089 2633 difficult
1109 2596 1154 2631 to
1174 2593 1382 2631 translate
1402 2592 1488 2631 this
1503 2593 1619 2631 word
1633 2594 1836 2644 literally,
1852 2593 2015 2645 though

347 2655 422 2696 the
442 2668 560 2694 sense
578 2656 624 2694 in
644 2655 780 2695 which
799 2655 835 2694 it
863 2659 978 2694 must
1006 2656 1058 2694 be
1085 2655 1214 2693 taken
1244 2654 1279 2692 is
1308 2654 1419 2692 clear
1448 2654 1625 2705 enough.
1682 2654 1959 2694 Deliberatur
1979 2655 2015 2694 is

351 2731 406 2756 an
419 2717 656 2756 accredited
670 2717 859 2768 reading,
876 2717 960 2756 and
979 2717 1014 2755 is
1031 2715 1257 2768 supported
1267 2715 1324 2767 by
1336 2715 1430 2754 adv.
1441 2715 1584 2755 Maro.
1596 2716 1650 2755 iv.
1670 2727 1732 2762 21,
1748 2720 1758 2738 ‘
1773 2730 1860 2755 non
1873 2716 2016 2755 decem

354 2780 562 2818 mensium
582 2778 771 2817 cruciatu
792 2775 1074 2817 deliberatus.'

481 2842 744 2879 Homicidii
764 2841 1021 2888 festinatio,
1041 2842 1053 2860 ‘
1068 2841 1308 2890 premature
1327 2836 1525 2876 murder?

412 2911 428 2938 1
441 2911 474 2939 1.
508 2913 567 2939 an
587 2906 859 2941 nascentem
879 2903 1130 2949 disturbet,
1153 2903 1164 2921 ‘
1177 2913 1223 2938 or
1243 2900 1412 2952 destroy
1431 2900 1467 2938 it
1486 2900 1614 2939 while
1633 2900 1759 2951 being
1777 2898 2014 2950 produced?

411 2973 474 3013 15.
505 2966 577 3000 est
598 2966 723 3008 apud.
743 2966 1053 3002 Herodotum.
1112 2961 1270 3001 Herod.
1293 2962 1319 3000 i.
1337 2969 1402 3013 74,
1425 2962 1479 3001 ix.
1498 2969 1573 3012 70:
1605 2975 1736 3012 comp.
1751 2960 1885 2999 Tacit.
1900 2963 2014 3000 Ama.

350 3022 424 3061 xii.
446 3031 500 3074 47
519 3036 529 3071 ;
559 3023 657 3061 Val.
679 3023 797 3063 Max.
817 3024 874 3063 ix.
899 3035 960 3063 11.

412 3091 473 3133 17.
505 3087 591 3123 sub
623 3087 841 3125 Catilina.
900 3085 1071 3124 Sallust.
1102 3083 1231 3124 Catil.
1265 3096 1339 3132 223
1369 3084 1520 3122 Florus
1548 3082 1604 3122 iv.
1631 3094 1664 3130 1,
1687 3082 1923 3122 ‘Additum
1952 3087 2016 3122 est

350 3145 500 3196 pignus
540 3146 839 3198 conjurationis
878 3146 1046 3198 sanguis
1093 3146 1311 3194 humanus,
1355 3158 1481 3197 quem
1519 3143 1810 3183 circumlatum
1857 3144 2015 3195 pateris

349 3204 518 3246 bibere.’
