2154 3564
205 215 300 253 ΟΜ».
318 211 429 263 VIL]
523 203 794 255 ‘adversus
836 201 1028 254 Gentes
1053 211 1169 269 pro,
1202 201 1540 255 Christianis.
1803 216 1866 266 27

204 361 361 404 canes,
403 344 599 392 lenones
640 343 837 402 scilicet,
877 344 1190 391 tenebrarum
1225 346 1275 390 et
1310 342 1568 411 libidinum
1609 343 1869 407 impiarum

202 426 547 475 inverecundia
591 429 866 490 procurent.
938 425 1161 473 Dicimur
1208 429 1371 473 tamen
1413 442 1614 487 semper,
1658 442 1744 473 nec
1785 443 1870 473 vos

203 509 333 571 quod
366 512 469 557 tam
505 508 591 556 diu
625 507 832 556 dicimur
866 524 1033 556 eruere
1069 507 1267 556 curatis.
1337 507 1466 570 Ergo
1502 512 1587 554 aut
1623 508 1794 565 eruite,
1829 508 1870 555 si

203 590 414 651 creditis,
454 596 541 640 aut
588 591 739 639 nolite
786 590 993 649 credere,
1034 590 1119 653 qui
1166 607 1263 637 non
1311 589 1520 637 eruistis.
1590 589 1666 637 De
1707 594 1870 638 vestra

200 673 339 720 vobis
376 673 762 722 dissimulatione
796 672 1157 736 praescribitur,
1194 689 1290 719 non
1326 688 1440 729 esse,
1478 673 1606 735 quod
1647 689 1733 719 nec
1774 671 1868 734 ipsi
1889 690 1910 729 5

200 754 390 802 audetis
415 772 596 803 eruere.
666 756 832 817 Longe
865 753 999 802 aliud
1034 770 1209 800 munus
1243 753 1457 801 carnifici
1491 754 1544 800 in
1569 753 1870 802 Christianos

199 836 464 899 imperatis,
496 855 593 884 non
628 841 686 885 ut
721 837 886 884 dicant
921 852 1043 898 quae
1080 835 1280 893 faciunt,
1317 835 1400 884 sed
1435 839 1492 883 ut
1528 840 1707 900 negent
1743 836 1872 899 quod

201 922 330 965 sunt.

271 999 457 1048 Census
493 999 637 1048 istius
673 999 969 1062 disciplinae,
1000 1003 1056 1046 ut
1088 1000 1189 1060 jam
1224 997 1478 1058 edidimus,
1506 1014 1534 1045 a
1560 998 1753 1046 Tiberio
1785 1003 1870 1046 est.

201 1080 326 1129 Cum
361 1082 470 1129 odio
507 1081 583 1130 sui
619 1081 778 1144 coepit
809 1080 1006 1137 veritas,
1043 1079 1188 1127 simul
1224 1083 1373 1142 atque
1409 1080 1647 1143 apparuit,
1676 1080 1870 1128 inimica
1890 1097 1940 1125 10

201 1179 317 1211 esse.
389 1163 480 1210 Tot
515 1163 676 1210 hostes
712 1165 830 1224 ers,
856 1167 976 1225 quot
1012 1160 1244 1220 extranei,
1270 1165 1320 1209 et
1356 1162 1553 1224 quidem
1588 1162 1775 1225 proprii
1811 1180 1871 1210 ex

199 1245 521 1292 aemulatione
558 1245 589 1292 J
594 1244 751 1303 udaei,
790 1261 850 1292 ex
886 1244 1194 1292 concussione
1235 1243 1432 1303 milites,
1471 1261 1530 1291 ex
1565 1248 1740 1291 natura
1774 1244 1870 1307 ipsi

200 1325 348 1374 etiam
384 1326 634 1374 domestici
676 1327 844 1374 nostri.
916 1326 1142 1386 Quotidie
1182 1325 1469 1384 obsidemur,
1507 1326 1723 1388 quotidie
1761 1343 1868 1389 pro-

198 1427 330 1479 μίξεις,
355 1427 422 1468 καὶ
453 1428 529 1468 ὅσα
557 1428 663 1480 μήτε
692 1429 836 1467 λαλεῖν
866 1428 969 1479 μήτε
1000 1429 1107 1467 νοεΐν
1136 1426 1244 1477 θέμις
1271 1428 1380 1478 ἡμῖν,
1409 1429 1545 1469 which
1573 1429 1646 1469 the
1674 1430 1870 1470 Gallican

199 1491 436 1530 Christians
468 1506 579 1531 were
611 1492 786 1531 accused
817 1491 863 1531 of
889 1493 947 1543 by
974 1491 1159 1530 heathen
1187 1490 1339 1539 slaves,
1374 1490 1526 1530 Euseb.
1552 1505 1592 1531 v.
1619 1503 1652 1531 Ι.
1712 1493 1869 1543 Origen

198 1557 330 1592 states
360 1553 455 1592 that
480 1554 526 1592 in
555 1553 620 1592 his
650 1554 734 1605 day
753 1554 871 1592 these
900 1553 1024 1592 libels
1044 1566 1152 1592 were
1173 1552 1356 1592 obsolete
1379 1550 1531 1605 (contr.
1561 1553 1666 1593 Cels.
1688 1554 1745 1594 vi.
1766 1554 1867 1606 4o);

198 1626 330 1665 comp.
351 1613 568 1665 Lightfoot
586 1614 786 1665 Iynatz'us
806 1615 833 1654 i.
859 1625 925 1665 52.

255 1686 291 1726 5.
321 1679 675 1726 praescribitur,
691 1690 716 1716 a
731 1677 843 1729 legal
859 1680 992 1715 term:
1017 1675 1305 1727 praescribere
1316 1676 1374 1707 ==‘
1388 1679 1434 1714 to
1452 1676 1574 1727 lodge
1588 1690 1612 1715 a
1628 1675 1870 1724 demurrer‚’

199 1738 211 1757 ‘
230 1741 275 1776 to
294 1738 386 1776 rule
406 1751 431 1777 a
449 1739 727 1790 preliminary
747 1739 956 1790 objection
975 1736 1169 1790 against?
1226 1738 1326 1776 This
1346 1738 1382 1777 is
1402 1738 1477 1777 the
1496 1739 1667 1790 general
1688 1751 1806 1777 sense
1826 1739 1871 1776 in

198 1798 448 1846 Tertullian‚
472 1812 602 1850 comp.
624 1800 688 1839 ch.
701 1807 753 1851 47
772 1813 783 1848 ;
814 1801 906 1839 adv.
925 1799 1073 1838 Herm.
1098 1811 1133 1849 1,
1157 1801 1167 1821 ‘
1183 1799 1372 1839 Solemus
1392 1799 1614 1838 haereticis
1633 1800 1871 1851 compendii

198 1860 337 1910 gratia
357 1861 409 1900 de
427 1862 674 1911 posteritate
699 1862 977 1913 praescribere
992 1859 1002 1877 '
1013 1875 1022 1906 3
1053 1861 1109 1901 ib.
1132 1872 1208 1911 33;
1238 1861 1323 1900 and
1350 1861 1424 1900 the
1451 1862 1547 1901 title
1576 1861 1622 1900 of
1646 1875 1724 1900 one
1745 1861 1790 1900 of
1805 1861 1870 1900 his

197 1922 394 1960 treatises
406 1932 464 1960 DE
483 1932 854 1962 PRAEsoRIP'rroNE
874 1933 1238 1971 HAEREHCORUM3
1270 1924 1367 1963 adv.
1389 1923 1527 1964 Marc.
1543 1924 1570 1962 i.
1593 1935 1629 1972 1,
1652 1925 1663 1944 ‘
1680 1924 1752 1962 sed
1765 1924 1873 1962 alius

197 1983 366 2022 libellus
382 1984 494 2023 hunc
506 1985 686 2036 gradum
699 1985 924 2024 sustinebit
937 1985 1136 2024 adversus
1148 1985 1381 2024 haereticos
1397 2015 1405 2023 .
1421 2015 1431 2025 .
1453 2016 1461 2025 .
1478 1985 1530 2024 de
1544 1986 1873 2036 praescriptione

196 2043 424 2084 novitatis.’
482 2045 699 2098 Similarly
726 2047 798 2085 the
818 2046 975 2085 adverb
996 2049 1007 2068 ‘
1021 2044 1350 2097 praescriptive:
1373 2047 1468 2085 adv.
1494 2047 1625 2086 Marc.
1650 2046 1706 2086 iv.
1734 2057 1769 2086 1.
1828 2047 1873 2085 It

197 2107 287 2146 also
306 2108 427 2147 bears
447 2109 521 2147 the
540 2109 738 2161 meaning
758 2111 770 2131 ‘
785 2113 829 2148 to
857 2108 1019 2157 define,’
1051 2109 1135 2148 and
1164 2123 1208 2148 so
1229 2111 1591 2161 praescriptum:
1603 2112 1614 2130 ‘
1632 2123 1657 2149 a
1676 2109 1875 2161 precept‚’

197 2168 249 2207 de
268 2169 432 2209 exhort.
453 2173 557 2210 east.
574 2182 611 2220 3.
670 2171 746 2210 See
765 2163 836 2211 too
856 2171 907 2210 de
926 2184 1158 2221 monogam.
1178 2182 1241 2220 12,
1264 2176 1274 2192 ⁶
1290 2171 1524 2222 praescribe
1536 2175 1775 2211 constanter
1787 2185 1873 2210 non

197 2231 389 2269 omnibus
408 2232 606 2283 praecipi,
627 2245 735 2284 quae
755 2232 1005 2284 quibusdam
1024 2233 1110 2271 sint
1128 2231 1379 2283 praecepta.’

254 2304 291 2343 9.
326 2294 518 2339 Census,
547 2295 576 2333 i.
595 2307 629 2334 e.
654 2292 819 2345 ‘origo'
839 2308 847 2334 ε
879 2307 1023 2334 census
1051 2294 1135 2333 and
1160 2296 1318 2333 censeri
1340 2295 1440 2333 bear
1468 2294 1542 2334 the
1572 2306 1690 2332 sense
1716 2293 1760 2333 of
1777 2296 1789 2314 ‘
1802 2293 1871 2333 be-

197 2353 375 2404 ginning
389 2352 399 2369 ⁹
419 2355 503 2393 and
522 2356 533 2375 ‘
548 2356 755 2406 originate
772 2354 781 2371 ’
802 2369 906 2407 very
924 2355 1169 2407 frequently
1187 2356 1234 2394 in
1253 2356 1504 2395 Tertullian.
1562 2355 1706 2406 Oomp.
1720 2355 1782 2394 ch.
1805 2367 1871 2403 10,

200 2425 265 2463 12,
300 2415 423 2454 ‘inde
453 2421 678 2455 censentur
708 2416 768 2456 dii
796 2415 979 2465 vestri'3
1021 2416 1079 2455 ad
1107 2429 1231 2455 uxor.
1253 2416 1279 2455 i.
1305 2415 1354 2463 63
1384 2416 1436 2455 de
1457 2428 1626 2467 praesc.
1656 2416 1770 2455 haer.
1804 2428 1868 2463 21,

199 2487 264 2525 32,
301 2476 534 2516 ‘Ecclesiae
561 2479 814 2529 apostolicae
841 2491 990 2517 census
1021 2491 1116 2517 suos
1137 2476 1382 2525 deferunt’3
1411 2478 1503 2517 adv.
1534 2477 1683 2516 Herm.
1710 2488 1790 2526 333
1821 2478 1872 2516 de

198 2549 426 2588 monogam.
450 2549 488 2588 5,
512 2540 524 2559 ‘
540 2552 688 2578 census
709 2543 852 2578 noster
869 2539 1125 2578 transfertur
1150 2540 1197 2577 in
1226 2535 1473 2586 Christum,'
1492 2543 1565 2577 eto.
1584 2551 1595 2586 ;
1628 2548 1690 2586 11,
1718 2541 1728 2557 ‘
1743 2551 1768 2576 a
1787 2538 1870 2577 fide

199 2598 313 2636 enim
332 2598 461 2637 etiam
480 2600 569 2650 ipsa
588 2600 679 2639 vita
698 2604 842 2639 nostra
861 2598 1083 2640 censetur?

257 2671 318 2698 12.
348 2672 406 2699 ex
426 2664 732 2701 concussione
751 2673 760 2700 :
792 2665 1008 2702 concussio
1026 2662 1072 2700 in
1091 2661 1200 2712 legal
1215 2661 1487 2713 phraseology
1501 2660 1685 2711 signifies
1705 2663 1715 2681 ‘
1731 2675 1783 2700 an
1805 2675 1872 2700 ex-

196 2721 357 2761 tortion
377 2720 422 2759 of
436 2735 588 2774 money
606 2723 663 2774 by
681 2737 825 2763 means
846 2724 892 2763 of
904 2724 1067 2763 threats
1081 2720 1092 2739 ³
1107 2736 1116 2771 ;
1146 2736 1190 2761 so
1215 2722 1273 2762 ad
1300 2722 1424 2773 Scap.
1446 2735 1487 2773 4,
1514 2726 1524 2744 ‘
1540 2723 1585 2760 in
1614 2722 1747 2773 elogio
1776 2736 1870 2762 con-

198 2782 387 2821 cussione
408 2783 496 2833 ejus
516 2782 762 2831 intellecta,'
783 2783 828 2822 of
843 2798 898 2823 an
917 2785 1169 2823 indiotment
1194 2783 1345 2834 purely
1367 2783 1589 2822 vexatious
1605 2797 1615 2831 ;
1646 2783 1730 2822 and
1750 2786 1761 2805 ‘
1776 2797 1870 2823 con-

196 2841 365 2892 cussor,'
395 2844 443 2883 dc
458 2844 558 2895 say.
592 2845 640 2883 in
662 2857 776 2895 pers.
812 2856 876 2895 12,
910 2856 971 2896 13.
1030 2845 1216 2884 Soldiers
1251 2844 1359 2883 from
1390 2845 1464 2884 the
1498 2850 1649 2884 nature
1688 2846 1734 2884 of
1759 2846 1872 2885 their

199 2906 356 2956 calling
382 2905 523 2944 would
550 2906 602 2945 be
631 2907 861 2958 peculiarly
879 2907 1011 2945 liable
1039 2911 1083 2945 to
1111 2906 1186 2945 the
1217 2908 1474 2958 temptation
1502 2907 1547 2946 of
1571 2907 1795 2958 indulging
1825 2909 1870 2946 in

200 2967 300 3005 such
321 2969 332 2988 ⁶
348 2964 559 3005 violence'
573 2981 583 3013 3
614 2980 745 3018 comp.
765 2967 804 3006 S.
829 2967 947 3007 John
976 2965 1176 3019 Baptist’s
1204 2968 1350 3007 advice
1378 2972 1423 3007 to
1447 2969 1577 3016 them,
1602 2968 1642 3007 S.
1667 2969 1787 3007 Luke
1807 2968 1866 3007 iii.

201 3039 267 3078 14,
289 3029 300 3047 ‘
315 3027 540 3066 Neminem
560 3029 808 3067 concutiatis
825 3029 834 3044 '
857 3028 1053 3081 (Vulg.);
1082 3027 1233 3079 μηδένα
1253 3028 1494 3080 διασείσητε.

314 3101 372 3127 ex
392 3093 559 3127 natura
581 3119 589 3128 .
613 3119 621 3127 .
644 3120 654 3130 .
676 3092 924 3130 domestici
943 3093 1098 3129 nostri
1118 3104 1126 3130 :
1158 3104 1208 3130 ex
1235 3095 1395 3130 natura
1414 3092 1505 3131 will
1525 3104 1650 3130 mean
1669 3090 1776 3129 from
1795 3091 1868 3130 the

199 3150 368 3188 natural
396 3150 558 3201 enmity
587 3150 721 3189 slaves
748 3150 830 3190 feel
862 3151 1044 3190 towards
1073 3151 1185 3191 their
1208 3156 1408 3192 masters:
1439 3166 1569 3204 comp.
1603 3152 1643 3192 S.
1669 3152 1797 3191 Matt.
1822 3166 1860 3191 x.

201 3210 265 3261 36,
288 3213 298 3231 ‘
316 3211 372 3250 Et
393 3211 552 3250 inimici
571 3211 767 3263 hominis,
788 3212 1003 3252 domestici
1022 3211 1141 3264 ejus.'
