2154 3564
179 192 282 231 ΟΜ).
305 184 486 237 XLVII]
553 176 813 229 adversus
856 175 1049 228 Gentes
1072 184 1176 242 pro
1220 174 1564 229 Christianis.
1743 191 1837 238 141

183 320 395 368 otiosum
420 325 467 367 et
495 319 830 379 inexercitum,
856 323 905 367 et
926 323 985 366 ut
1013 318 1084 366 ita
1108 318 1330 376 dixerim,
1356 317 1596 365 neminem
1619 317 1842 364 humanis

184 403 354 461 rebus;
391 401 601 464 positum
625 418 737 449 vero
773 407 912 451 extra
948 403 1180 449 mundum
1217 399 1385 458 Stoici,
1413 399 1497 462 qui
1532 399 1670 461 figuli
1704 400 1844 446 modo

184 483 483 532 extrinsecus
512 487 738 545 torqueat
769 485 943 532 molem
974 484 1127 543 hanc;
1165 483 1295 529 intra
1324 482 1557 528 mundum
1590 481 1841 537 Platonici,

183 565 271 628 qui
308 566 644 627 gubernatoris
683 567 915 628 exemplo,
951 566 1083 613 intra
1118 565 1243 612 illud
1285 568 1491 621 maneat,
1529 564 1659 626 quod
1693 567 1841 625 regat.

185 647 264 694 Sic
289 652 338 694 et
356 647 415 694 de
439 647 543 710 ipso
563 648 741 694 mundo
766 655 910 695 natus
934 648 1194 695 innatusve
1214 646 1293 704 sit,
1315 646 1597 694 decessurus
1622 663 1843 692 mansur-
1862 665 1882 704 5

179 746 302 777 usve
327 728 404 786 sit,
429 729 622 776 variant
636 745 648 788 3
687 729 754 776 sic
788 734 836 777 et
869 730 927 777 de
957 729 1145 777 animae
1174 732 1321 788 statu,
1349 746 1495 791 quam
1520 728 1604 775 alii
1629 727 1845 774 divinam

183 815 234 858 et
257 814 516 869 aeternam,
535 810 621 858 alii
644 810 976 857 dissolubilem
1000 810 1328 858 contendunt:
1366 815 1423 858 ut
1448 809 1556 873 quis
1581 809 1748 867 sensit,
1774 809 1846 856 ita

184 897 234 939 et
257 892 429 939 intulit
453 896 540 939 aut
562 891 856 939 reformavit.

252 974 355 1021 Nec
378 973 570 1032 mirum,
593 973 635 1021 si
652 978 792 1021 vetus
817 974 1201 1021 instrumentum
1224 972 1423 1036 ingenia
1447 973 1845 1036 philosophorum

183 1055 577 1103 interverterunt.
648 1056 726 1102 Ex
767 1056 938 1103 horum
978 1055 1160 1103 semine
1203 1060 1252 1103 et
1293 1060 1508 1103 nostram
1545 1056 1668 1103 hanc
1709 1056 1844 1103 novi-
1865 1081 1914 1108 10

183 1138 351 1185 tiolam
396 1143 678 1201 paraturam
718 1138 813 1186 viri
852 1138 1052 1200 quidam
1095 1138 1194 1185 suis
1237 1137 1548 1200 opinionibus
1591 1138 1652 1185 ad
1694 1138 1844 1200 philo-

183 1220 402 1282 sophicas
442 1219 707 1267 sententias
744 1220 1159 1278 adulteraverunt,
1198 1223 1247 1266 et
1283 1219 1342 1266 de
1377 1237 1476 1267 una
1510 1220 1591 1268 via
1627 1220 1846 1283 obliquos

182 1303 360 1350 multos
407 1302 627 1349 tramites
674 1307 723 1349 et
769 1301 1133 1364 inexplicabiles
1191 1301 1452 1349 sciderunt.
1539 1302 1680 1361 Quod
1737 1303 1846 1349 ideo

183 1383 516 1446 suggesserim,
544 1401 604 1431 ne
629 1384 708 1431 cui
733 1389 850 1431 nota
873 1383 1086 1431 varietas
1112 1388 1268 1431 sectae
1303 1383 1445 1445 hujus
1469 1384 1520 1431 in
1545 1385 1632 1431 hoc
1658 1401 1847 1447 quoque

182 1483 268 1513 nos
305 1465 605 1530 philosophis
644 1466 913 1528 adaequare
948 1465 1190 1523 videatur,
1229 1472 1278 1513 et
1314 1483 1374 1513 ex
1407 1466 1645 1513 varietate
1688 1468 1844 1514 defen·
1866 1493 1911 1532 15

185 1548 371 1596 sionum
408 1549 593 1611 judicet
635 1548 908 1596 veritatem.
977 1548 1221 1611 Expedite
1268 1555 1430 1596 autem
1476 1550 1847 1611 praescribimus

183 1632 417 1680 adulteris
453 1632 634 1679 nostris
669 1632 808 1679 illam
837 1649 937 1679 esse
974 1631 1189 1694 regulam
1212 1631 1448 1689 veritatis,
1476 1649 1598 1693 quae
1621 1632 1788 1680 veniat
1819 1650 1847 1680 a

241 1778 274 1806 1.
295 1769 533 1806 neminem
547 1769 767 1806 humanis
781 1768 944 1806 rebus:
968 1767 980 1786 ⁶
989 1779 1014 1805 a
1027 1766 1256 1817 nonentity
1267 1778 1311 1804 as
1325 1766 1493 1818 regards
1505 1765 1666 1805 human
1679 1765 1847 1806 affairs.'

241 1841 277 1868 2.
306 1833 439 1868 extra
461 1831 691 1867 mundum
721 1830 884 1867 Stoici.
940 1828 1039 1866 This
1066 1827 1383 1878 misrepresents
1413 1828 1485 1866 the
1510 1827 1622 1866 Stoic
1650 1828 1847 1879 teaching

182 1890 272 1940 (see
301 1891 446 1939 above,
466 1891 530 1929 ch.
556 1892 643 1940 21),
662 1890 801 1929 which
829 1890 976 1941 placed
1005 1889 1078 1928 the
1105 1889 1247 1939 ruling
1276 1890 1399 1940 spirit
1428 1889 1573 1929 within
1602 1889 1675 1928 the
1699 1891 1844 1939 world,

182 1952 436 2004 identifying
467 1953 501 1990 it
532 1952 636 1990 with
669 1952 743 1990 the
771 1951 931 1998 whole3
973 1950 1114 1989 Senec.
1151 1951 1321 2000 Quaest.
1356 1953 1442 1988 nat.
1474 1950 1576 2001 pref.
1607 1951 1751 1990 ‘Solus
1781 1955 1845 1990 est

183 2014 335 2062 omnia,
356 2026 456 2064 opus
477 2026 608 2060 suum,
632 2017 675 2051 et
695 2016 814 2052 extra
833 2016 876 2051 et
896 2011 1005 2051 infra
1024 2015 1142 2051 tenet
1156 2012 1190 2059 ’3
1219 2025 1349 2063 comp.
1368 2012 1419 2050 de
1438 2013 1512 2051 vit.
1529 2012 1632 2051 beat.
1654 2024 1717 2062 31.
1755 2013 1845 2052 The

183 2076 437 2127 Epicureans
456 2074 602 2126 placed
620 2074 715 2113 God
734 2074 897 2113 outside
916 2074 989 2112 the
1009 2073 1166 2120 wo1·ld;
1194 2073 1335 2112 Senec.
1357 2074 1406 2113 de
1426 2073 1551 2125 benef.
1572 2074 1628 2114 iv.
1655 2085 1718 2125 19,
1741 2076 1752 2094 ‘
1765 2075 1843 2124 Tu,

183 2137 377 2187 denique,
406 2136 601 2187 Epicure,
630 2136 768 2174 Deum
797 2136 1002 2174 inermem
1030 2134 1158 2182 facis;
1187 2135 1328 2173 omnia
1356 2135 1420 2173 illi
1448 2135 1547 2184 tela,
1579 2148 1745 2174 omnem
1773 2135 1842 2173 de-

183 2198 352 2238 traxisti
379 2198 628 2249 potentiam,
658 2201 700 2236 et
728 2210 781 2235 ne
809 2197 1005 2248 cuiquam
1033 2196 1284 2235 metuendus
1315 2200 1438 2245 esset,
1466 2197 1679 2248 projecisti
1707 2197 1843 2248 ipsum

183 2265 301 2299 extra
319 2264 476 2299 metam
490 2260 525 2308 ’ς
554 2273 683 2312 comp.
705 2259 765 2297 id.
788 2259 929 2310 Epist.
951 2270 1015 2310 90.

242 2329 276 2371 7.
306 2326 362 2360 ut
382 2324 487 2368 quis
509 2324 667 2369 sensit,
691 2323 768 2359 etc.
827 2321 971 2371 Comp.
991 2320 1154 2359 Athan.
1177 2320 1229 2358 de
1247 2319 1425 2360 lucam.
1451 2332 1486 2358 2.

239 2395 276 2434 9.
305 2388 442 2422 vetus
463 2386 842 2423 instrumentum.
901 2383 978 2422 See
997 2388 1110 2431 note,
1131 2382 1194 2422 ch.
1218 2383 1279 2420 18.

243 2456 304 2485 10.
336 2448 410 2483 Ex
437 2448 606 2484 horum
634 2448 812 2484 semine
844 2475 854 2484 .
885 2475 894 2484 .
927 2476 937 2485 .
966 2447 1085 2484 viri:
1116 2445 1146 2483 i.
1163 2457 1195 2483 e.
1217 2443 1397 2482 heretics
1418 2444 1523 2491 who,
1543 2444 1627 2482 like
1649 2444 1842 2483 Marcion

185 2507 268 2545 and
286 2507 558 2556 Valentinus,
578 2507 744 2546 excised
763 2507 847 2546 and
865 2506 1149 2557 interpolated
1168 2505 1241 2544 the
1261 2506 1369 2544 New
1388 2506 1632 2544 Testament
1652 2509 1695 2543 to
1719 2506 1843 2557 bring

183 2569 219 2607 it
239 2569 329 2606 into
349 2568 496 2607 accord
514 2568 619 2607 with
637 2568 751 2607 their
775 2581 870 2607 own
888 2568 1094 2615 theories3
1127 2567 1241 2618 Orig.
1264 2571 1388 2606 contr.
1410 2567 1515 2607 Cels.
1537 2567 1579 2606 ii.
1606 2574 1654 2617 27
1667 2583 1680 2614 3
1710 2581 1839 2618 comp.

186 2631 280 2669 adv.
298 2629 440 2669 Herm.
459 2630 497 2678 8,
520 2631 532 2649 ‘
544 2629 849 2668 haereticorum
867 2629 1131 2680 patriarchae
1145 2629 1380 2679 philosophi
1393 2626 1424 2677 ';
1454 2628 1504 2666 de
1511 2642 1708 2679 praescr.
1726 2630 1841 2669 haer.

188 2701 226 2743 7,
249 2702 324 2740 303
353 2691 482 2729 Clem.
502 2690 628 2729 AIex.
653 2691 807 2729 Sto-om.
828 2690 856 2730 i.
881 2697 943 2741 17.

245 2764 306 2802 15.
338 2753 675 2800 defensionum,
697 2755 769 2791 etc.
825 2752 925 2791 God.
945 2751 1068 2790 Fuld.
1090 2750 1189 2790 here
1215 2751 1334 2789 reads
1364 2750 1631 2802 defectionem
1659 2751 1841 2791 vindicet

186 2815 389 2865 veritatis,

245 2874 306 2914 16.
337 2877 727 2920 praescribimus:
757 2887 824 2913 see
843 2877 953 2922 note,
976 2873 1040 2913 ch.
1071 2881 1106 2923 7.

245 2944 306 2986 17.
327 2938 537 2981 regulam
548 2938 785 2975 veritatis:
807 2935 911 2973 with
921 2935 1007 2973 this
1022 2934 1240 2973 definition
1255 2934 1301 2973 of
1308 2935 1379 2973 the
1388 2934 1496 2973 Rule
1512 2935 1558 2974 of
1569 2935 1698 2974 Faith
1711 2949 1840 2987 comp.

187 2998 236 3038 de
249 3011 437 3047 praescr.
459 2997 573 3036 haer.
598 3009 661 3047 14,
686 2998 827 3035 ‘Haec
850 2997 997 3047 regula
1016 3009 1041 3034 a
1061 2996 1243 3044 Christo,
1274 2999 1322 3034 ut
1349 2996 1605 3046 probabitur,
1630 2998 1840 3045 instituta,

186 3060 325 3098 nullas
344 3059 472 3097 habet
493 3059 604 3109 apud
624 3072 699 3097 nos
719 3058 998 3109 quaestioneS,
1018 3058 1101 3095 nisi
1119 3070 1223 3108 quas
1242 3057 1431 3100 haereses
1452 3057 1653 3106 inferunt,
1674 3063 1716 3097 et
1734 3071 1841 3109 quae

186 3120 413 3159 haereticos
434 3120 592 3158 faciunt
607 3118 639 3167 ';
668 3120 724 3158 ib.
749 3127 814 3170 3¹7,
836 3120 906 3157 ‘in
935 3133 984 3158 ea
1012 3119 1158 3170 regula
1187 3119 1418 3159 incedimus
1448 3133 1575 3171 quam
1596 3120 1769 3159 ecclesia
1789 3120 1842 3158 ab

186 3181 417 3233 Apostolis,
437 3181 632 3233 Apostoli
652 3195 676 3221 a
698 3181 876 3230 Christo,
900 3181 1092 3220 Christus
1112 3193 1137 3220 a
1156 3180 1245 3220 Deo
1266 3179 1469 3220 tradidit!
