2154 3564
227 180 324 219 CAP.
343 175 516 227 XXIIL]
590 167 850 220 adversus
894 168 1085 219 Gentes
1109 177 1215 235 pro
1260 167 1603 221 Christianis.
1820 171 1884 237 87

224 312 579 358 demonstrator
625 310 721 358 alia
769 310 847 358 die
899 310 1149 358 morituris
1196 311 1422 359 Socordio
1464 315 1513 358 et
1554 312 1792 360 Thanatio
1839 320 1888 360 et

223 392 564 455 Asclepiodoto
578 392 708 440 vitae
734 392 1323 452 sumministrator,—nisi
1343 410 1391 440 se
1415 393 1667 440 daemones
1688 394 1889 441 confessi

223 473 419 530 fuerint,
439 473 716 521 Christiano
740 474 937 522 mentiri
961 491 1058 521 11011
1087 473 1333 531 audentes,
1359 474 1540 522 ibidem
1564 475 1699 521 illius
1725 474 1888 522 Chris-

222 555 346 603 tiani
370 555 698 618 procacissimi
722 556 1004 619 sanguinem
1028 555 1232 603 fundite.
1294 555 1426 616 Quid
1450 556 1547 603 isto
1568 573 1710 618 opere
1739 557 1888 604 mani-

222 637 395 684 festius
414 639 430 685 ἱὶ
464 636 581 700 quid
604 637 691 684 hac
715 638 997 700 probatione
1021 637 1245 684 fidelius?
1283 637 1568 700 simplicitas
1588 637 1813 685 veritatis
1837 637 1888 683 in
1906 657 1927 697 5

222 719 378 766 medio
415 723 521 777 est;
576 718 735 766 virtus
770 719 846 765 illi
882 736 970 767 sua
1004 718 1223 777 assistit;
1272 719 1394 765 nihil
1432 719 1666 781 suspicari
1707 719 1887 766 licebit.

170 824 171 827 ¹
223 800 387 864 Magia
412 807 497 848 aut
521 801 684 862 aliqua
709 800 941 863 ejusmodi
965 800 1155 848 fallacia
1178 800 1286 848 fieri
1311 801 1498 859 dicetis,
1519 801 1561 848 si
1586 800 1715 848 oculi
1738 801 1891 848 vestri

222 886 272 930 et
307 900 448 931 aures
483 883 793 946 permiserint
830 882 978 930 vobis.
1050 882 1182 942 Quid
1217 887 1381 930 autem
1421 882 1569 930 inniti
1613 887 1775 945 potest
1811 883 1888 930 ad-

221 982 390 1013 versus
413 965 477 1023 id,
504 965 632 1028 quod
656 965 932 1012 ostenditur
955 965 1088 1013 nuda
1113 965 1395 1013 sinceritate
1417 967 1432 1012 2
1493 966 1546 1013 Si
1571 966 1727 1013 altera
1750 970 1889 1027 parte

221 1065 335 1095 vere
371 1046 441 1093 dii
477 1052 605 1106 sunt,
643 1064 728 1094 cur
764 1064 862 1094 sese
899 1047 1151 1094 daemonia
1186 1047 1528 1095 mentiuntur?
1565 1065 1627 1095 an
1660 1051 1718 1094 ut
1755 1046 1890 1094 nobis
1910 1064 1959 1091 10

222 1129 583 1191 obsequanturZ
653 1129 685 1175 J
689 1145 768 1175 am
803 1145 916 1190 ergo
952 1129 1168 1190 subjecta
1207 1133 1280 1176 est
1324 1129 1618 1177 Christianis
1658 1128 1891 1177 divinitas

222 1215 415 1269 vestra;
468 1227 555 1257 nec
594 1210 766 1272 utique
808 1209 1042 1258 divinitas
1082 1210 1362 1271 deputanda
1404 1216 1490 1269 est,
1534 1228 1655 1273 quae
1695 1210 1892 1257 subdita

222 1298 295 1340 est
334 1292 533 1351 homini,
570 1296 620 1339 et
662 1292 703 1339 si
743 1291 863 1354 quid
898 1292 961 1340 ad
997 1292 1201 1339 dedecus
1237 1292 1371 1350 facit,
1410 1293 1613 1340 aemulis
1651 1293 1763 1340 suis.
1838 1291 1893 1340 Si

221 1375 374 1421 altera
409 1378 547 1436 parte
583 1374 837 1422 daemones
872 1377 987 1421 sunt
1011 1374 1088 1422 vel
1124 1374 1298 1436 angeli,
1326 1391 1412 1421 cur
1444 1391 1493 1422 se
1527 1373 1643 1421 alibi
1678 1391 1765 1437 pro
1799 1373 1892 1420 diis

222 1472 365 1518 agere
401 1457 726 1518 respondentCl
764 1447 767 1463 ¹
796 1456 926 1506 Nam
966 1456 1092 1503 sicut
1126 1456 1215 1516 illi,
1257 1456 1342 1519 qui
1382 1456 1451 1503 dii
1486 1456 1742 1514 habentur,
1780 1456 1890 1502 dae·
1911 1482 1957 1523 15

222 1555 385 1585 mones
421 1555 470 1586 se
507 1537 663 1586 dicere
699 1538 983 1597 noluissent,
1011 1538 1052 1586 si
1075 1556 1187 1586 Vere
1217 1539 1284 1585 dii
1318 1543 1491 1597 essent,
1518 1538 1712 1596 scilicet,
1740 1556 1799 1585 ne
1833 1538 1891 1585 de

222 1623 472 1681 majestate
508 1637 557 1667 se
594 1620 916 1683 deponerent:
955 1620 1025 1667 ita
1061 1625 1110 1667 et
1145 1620 1245 1678 isti,
1272 1637 1391 1682 quos
1417 1620 1600 1667 directo
1635 1621 1891 1667 daemones

223 1701 388 1759 nostis,
416 1718 511 1749 non
536 1702 772 1749 auderent
797 1702 916 1749 alibi
941 1719 1028 1765 pro
1053 1702 1147 1749 diis
1171 1719 1325 1764 agere,
1355 1702 1396 1750 si
1422 1702 1577 1765 aliqui
1601 1702 1796 1749 omnino
1823 1701 1893 1748 dii

223 1789 393 1841 essent,
432 1800 639 1844 quorum
674 1782 950 1831 nominibus
986 1788 1224 1843 utuntur;
1270 1789 1553 1832 vererentur
1588 1783 1718 1831 enim
1754 1782 1892 1831 abuti

223 1867 474 1926 majestate
498 1864 804 1927 superiorum
828 1864 927 1913 sine
952 1866 1098 1913 dubio
1123 1872 1171 1913 et
1195 1865 1536 1913 timendorum.
1597 1865 1733 1912 Adeo
1757 1865 1891 1911 nulla
1911 1890 1961 1917 20

223 1952 297 1994 est
332 1946 562 1993 divinitas
597 1946 693 1994 ista
730 1964 876 2010 quam
910 1947 1101 2007 tenetis,
1131 1947 1244 2010 quia
1281 1947 1322 1995 si
1357 1954 1494 2004 esset,
1525 1964 1680 2009 neque
1716 1964 1745 1994 a
1782 1947 1892 1994 dae—

224 2028 396 2076 moniis
443 2028 767 2088 affectaretur,
820 2046 974 2092 neque
1021 2047 1050 2077 a
1101 2030 1194 2076 diis
1242 2034 1519 2092 negaretur.
1605 2029 1729 2076 Cum
1777 2045 1892 2090 ergo

223 2115 430 2172 utraque
469 2127 581 2173 pars
620 2110 865 2160 concurrit
906 2112 959 2158 in
1001 2111 1362 2169 confessionem,
1400 2111 1513 2158 deos
1555 2128 1655 2158 esse
1695 2127 1891 2173 negans,

223 2192 468 2255 agnoscite
503 2210 655 2239 unum
691 2210 842 2256 genus
875 2210 990 2253 esse,
1019 2192 1070 2240 id
1096 2197 1169 2240 est
1194 2194 1463 2240 daemonas.
1534 2193 1722 2243 Verum
1755 2196 1891 2238 utro-

224 2275 368 2337 bique
404 2274 507 2336 jam
542 2275 653 2322 deos
689 2275 933 2337 quaerite;
972 2292 1091 2338 quos
1128 2275 1257 2322 enim
1292 2274 1740 2337 praesumpseratis,
1780 2273 1890 2320 dae·
1911 2297 1960 2336 25

225 2372 389 2403 monas
414 2373 514 2403 esse
539 2356 836 2419 cognoscitis.
908 2357 1092 2404 Eadem
1116 2373 1231 2404 vero
1257 2373 1400 2418 opera
1431 2361 1596 2403 nostra
1628 2356 1687 2401 ab
1713 2354 1893 2402 eisdem

226 2437 319 2484 diis
354 2437 529 2485 vestris
566 2455 664 2484 non
698 2442 893 2486 tantum
929 2439 1016 2486 hoc
1053 2438 1405 2502 detegentibus,
1442 2436 1572 2500 quod
1607 2452 1762 2498 neque
1797 2435 1895 2498 ipsi

227 2607 365 2647 ferred
391 2612 434 2647 to
462 2609 513 2647 de
537 2611 629 2648 test.
651 2609 778 2648 anim.
803 2621 840 2656 2,
861 2615 870 2630 ‘
887 2609 962 2648 sub
982 2609 1235 2660 Aesculapio
1262 2606 1407 2657 stans,'
1427 2610 1502 2646 etc.
1522 2621 1532 2655 ;
1562 2608 1598 2646 it
1621 2607 1755 2656 stood,
1775 2621 1820 2646 as
1847 2608 1893 2646 in

227 2670 298 2709 old.
318 2670 538 2720 Carthage‚
559 2683 612 2708 on
635 2671 709 2709 the
729 2671 905 2722 Byrsine
923 2670 1016 2719 hill,
1037 2671 1198 2721 though
1217 2670 1290 2708 the
1311 2669 1464 2720 special
1484 2669 1573 2707 cult
1598 2669 1643 2707 of
1666 2669 1750 2707 this
1775 2669 1894 2719 deity

226 2732 311 2770 had
339 2745 432 2770 now
460 2732 586 2782 given
614 2732 730 2782 place
759 2736 803 2770 to
832 2732 929 2770 that
958 2731 1003 2770 of
1027 2732 1382 2771 Juno-anlestis.
1440 2730 1591 2769 Strabo
1620 2730 1721 2769 xvii.
1750 2741 1787 2780 3.
1812 2741 1890 2780 153

227 2794 408 2845 Appian.
430 2794 516 2832 viii.
543 2804 607 2842 3ο.

287 2866 321 2894 1.
357 2856 450 2892 alia
479 2856 555 2892 die
585 2856 855 2893 morituris:
898 2853 1024 2905 ‘only
1053 2857 1098 2891 to
1127 2852 1195 2892 die
1223 2853 1351 2904 again
1378 2856 1614 2892 to-morrow
1631 2850 1669 2900 ’ς
1713 2851 1777 2891 for
1805 2852 1892 2891 this

229 2929 302 2954 use
331 2916 376 2954 of
399 2916 494 2954 alia
522 2915 592 2953 die
622 2928 690 2954 see
719 2915 894 2966 Capitol.
923 2914 1077 2953 Anton.
1099 2914 1211 2952 ,Pius
1239 2925 1301 2962 12,
1326 2916 1474 2953 ‘nocte
1503 2944 1512 2953 .
1537 2944 1547 2953 .
1569 2943 1578 2953 .
1603 2914 1687 2952 alia
1716 2914 1784 2952 die
1814 2943 1824 2951 .
1848 2944 1858 2953 .
1882 2943 1892 2951 .

228 2978 356 3016 tertia
376 2977 443 3015 die
457 2976 467 2991 ⁷
484 2989 494 3024 ;
523 2977 751 3015 Maximin.
776 2983 851 3026 173
880 2975 1001 3015 Treb.
1026 2975 1130 3014 Poll.
1152 2979 1233 3027 tyr.
1255 2977 1354 3026 triy.
1378 2975 1415 3023 8,
1437 2977 1450 2995 ‘
1466 2988 1550 3014 una
1577 2974 1645 3013 die
1671 2974 1808 3013 factus
1829 2978 1892 3013 est

229 3038 471 3089 imperator,
490 3037 572 3077 alia
593 3037 660 3076 die
678 3038 794 3075 visus
814 3040 878 3075 est
898 3037 1115 3087 imperare,
1135 3036 1264 3074 tertia
1283 3037 1562 3087 interemptus
1582 3034 1674 3074 est!

288 3111 350 3150 24.
381 3102 557 3138 Verum
581 3101 831 3145 utrobique
856 3101 951 3144 jam
971 3100 1083 3136 deos
1104 3100 1326 3143 quaerite.
1378 3100 1389 3119 ‘
1407 3099 1473 3138 On
1494 3098 1629 3137 either
1647 3096 1891 3148 hypothesis

230 3175 312 3214 you
331 3165 445 3201 must
464 3161 561 3200 look
582 3164 655 3201 out
674 3160 739 3199 for
759 3173 870 3214 some
889 3159 1001 3199 fresh
1021 3157 1150 3211 gods?
