2154 3564
224 211 322 249 Cn.
344 205 581 256 XXXV11.]
672 196 932 248 adversus
975 194 1167 246 Gentes
1190 203 1295 260 pro
1338 193 1678 247 Christianis.
1784 203 1883 259 115

224 339 355 398 vitis,
391 339 571 401 partim
612 338 786 386 animis
822 337 1048 401 propriis,
1085 336 1266 399 partim
1301 335 1490 398 legibus
1533 337 1883 398 obsequentes?

225 421 458 481 Quotiens
482 421 630 468 etiam
649 420 926 483 praeteritis
944 419 1082 467 vobis
1107 435 1190 466 suo
1206 421 1314 480 jure
1335 435 1420 465 nos
1439 417 1691 465 inimicum
1708 419 1885 480 vulgus

222 501 411 550 invadit
452 503 695 565 lapidibus
736 506 785 550 et
825 500 1094 549 incendiis?
1164 499 1294 563 Ipsis
1331 499 1707 547 Bacchanalium
1742 500 1884 548 furiis

222 600 310 630 nec
338 584 536 631 mortuis
571 589 778 647 parcunt
803 582 1108 640 Christianis,
1136 582 1256 644 quin
1291 581 1399 629 illos
1436 582 1495 629 de
1523 581 1689 643 requie
1726 581 1883 643 sepul-

222 669 375 724 turae,
415 667 473 714 de
520 667 650 728 asylo
691 666 900 729 quodam
946 663 1130 722 mortis,
1166 666 1266 725 jam
1305 663 1437 722 alios,
1470 663 1572 726 jam
1620 679 1706 710 nec
1752 666 1884 710 totos
1903 682 1925 720 5

222 748 452 807 avellant,
481 748 732 808 dissecent,
767 746 1055 794 distrahant.
1127 745 1259 805 Quid
1294 750 1460 793 tamen
1491 762 1708 808 unquam
1741 745 1884 792 deno-

221 831 363 879 tastis
392 832 451 879 de
486 836 588 879 tam
612 829 912 893 conspiratis,
939 829 997 876 de
1032 834 1133 875 tam
1168 828 1392 875 animatis
1416 829 1478 875 ad
1503 814 1710 876 mortem
1734 844 1885 889 usque

222 930 311 976 pro
334 913 512 976 injuria
541 916 865 977 repensatum,
893 911 1083 974 quando
1108 911 1188 958 vel
1216 927 1314 957 una
1348 927 1444 956 nox
1473 909 1692 973 pauculis
1716 909 1886 957 faculis

221 995 426 1057 largiter
471 994 671 1043 ultionis
718 999 879 1057 posset
921 993 1125 1055 operari,
1174 992 1216 1039 si
1257 992 1443 1038 malum
1483 993 1611 1038 malo
1657 990 1887 1054 dispungi

222 1095 367 1140 penes
392 1095 478 1125 nos
502 1077 703 1125 liceret}
775 1075 870 1124 Sed
895 1075 1033 1132 absit,
1059 1078 1116 1121 ut
1141 1079 1227 1122 aut
1252 1074 1354 1137 igni
1377 1074 1589 1120 humano
1608 1073 1887 1121 vindicetur
1906 1089 1955 1117 10

222 1160 390 1208 divina
425 1164 593 1218 sectae,
635 1163 723 1207 aut
764 1158 924 1205 doleat
958 1156 1075 1219 pati,
1117 1157 1171 1203 in
1208 1173 1303 1219 quo
1345 1157 1594 1219 probatur.
1666 1155 1720 1204 Si
1758 1154 1887 1202 enim

221 1243 382 1290 hostes
406 1247 633 1300 exsertos,
660 1258 756 1288 non
780 1245 976 1288 tantum
999 1238 1216 1287 vindices
1241 1239 1451 1287 occultos
1478 1255 1620 1301 agere
1639 1238 1886 1294 vellemus,

223 1326 407 1373 deesset
431 1324 568 1372 nobis
590 1324 665 1371 vis
689 1337 1001 1370 numerorum
1026 1326 1075 1369 et
1100 1321 1380 1384 copiarum‘l
1463 1321 1632 1368 Plures
1658 1320 1888 1367 nimirum

222 1406 385 1454 Mauri
432 1411 481 1454 et
527 1404 860 1453 Marcomanni
900 1404 1090 1466 ipsique
1130 1403 1316 1462 Parthi,
1360 1404 1438 1450 vel
1486 1406 1887 1465 quantaecunque

221 1489 366 1536 unius
389 1492 553 1535 tamen
575 1487 671 1535 loci
695 1492 744 1535 et
769 1503 965 1534 suorum
988 1485 1160 1532 finium
1184 1490 1368 1547 gentes,
1397 1502 1542 1547 quam
1566 1484 1718 1531 totius
1744 1483 1885 1530 orbis.
1908 1506 1954 1546 15

222 1570 461 1619 Hesterni
496 1586 659 1618 sumus
695 1574 744 1616 et
767 1572 927 1616 vestra
963 1568 1123 1615 omnia
1157 1567 1477 1629 implevimus,
1501 1567 1662 1624 urbes,
1688 1566 1886 1622 insulas,

223 1653 433 1709 castella,
460 1651 738 1714 municipia,
764 1650 1097 1708 conciliabula,
1120 1655 1278 1697 castra
1302 1649 1420 1711 ipsa,
1449 1648 1624 1705 tribus,
1650 1647 1887 1708 decurias,

222 1734 472 1796 palatium,
517 1738 753 1791 senatum,
793 1734 983 1791 forum,
1044 1732 1144 1780 sola
1182 1730 1318 1778 vobis
1359 1730 1647 1792 reliquimus
1688 1731 1884 1792 templa.

223 1817 478 1864 Possumus
521 1815 827 1862 dinumerare
868 1814 1110 1862 exercitus
1147 1818 1362 1861 vestros:
1412 1812 1558 1859 unius
1605 1812 1884 1875 provinciae

281 1970 315 1995 2.
344 1957 612 2002 praeteritis
632 1956 769 1993 vobis
786 1968 794 1993 :
825 1955 854 1994 i.
871 1967 902 1992 e.
927 1954 1104 1993 without
1122 1967 1226 2005 your
1244 1954 1491 2005 permission
1511 1966 1556 1991 or
1576 1953 1834 2004 instigation.

277 2032 317 2069 4.
345 2021 403 2057 de
432 2020 592 2063 requie
621 2019 890 2063 sepulturae
923 2046 930 2053 .
964 2047 972 2055 .
1007 2047 1015 2055 .
1048 2019 1341 2055 distrahant:
1373 2029 1441 2055 see
1469 2015 1622 2055 Euseb.
1646 2015 1706 2053 H.
1731 2015 1777 2053 Ε.
1799 2029 1837 2053 v.
1865 2027 1880 2052 1

224 2081 372 2133 adfln.

278 2156 315 2195 9.
344 2145 520 2181 malum
539 2143 662 2179 malo
684 2142 907 2186 dispungi
928 2153 936 2179 ε
969 2153 1036 2178 566
1056 2144 1169 2188 note,
1190 2139 1255 2178 ch.
1281 2139 1342 2179 18.

281 2215 344 2243 12.
376 2206 535 2242 hostes
555 2206 763 2241 exsertos
783 2231 793 2240 .
819 2231 828 2240 .
855 2231 864 2239 .
886 2214 1047 2247 agere:
1076 2215 1144 2240 see
1163 2206 1276 2250 note,
1298 2201 1361 2240 ch.
1390 2211 1451 2240 10.

282 2276 344 2316 14.
375 2266 545 2303 Mauri.
606 2263 870 2301 Mauritania
892 2262 976 2301 had
1001 2263 1109 2301 been
1137 2262 1394 2302 constituted
1427 2275 1452 2300 a
1482 2262 1648 2300 Roman
1676 2261 1881 2312 province,

224 2327 309 2366 and
328 2326 499 2365 divided
517 2326 609 2364 into
627 2328 711 2363 two
731 2324 918 2363 districts
937 2324 995 2376 by
1013 2324 1227 2372 Claudius,
1250 2334 1290 2362 A.
1308 2334 1349 2361 D.
1370 2334 1434 2372 42.

333 2390 511 2425 Parthi.
570 2387 636 2425 On
658 2386 732 2425 the
758 2385 963 2424 Parthian
990 2399 1130 2436 power
1157 2385 1241 2423 and
1266 2385 1322 2424 its
1346 2384 1507 2434 rivalry
1525 2382 1632 2421 with
1654 2382 1789 2421 Rome
1818 2395 1885 2420 see

223 2450 391 2489 Gibbon
408 2449 435 2486 i.
460 2459 538 2497 340
556 2448 599 2487 ff.
616 2461 626 2496 ;
655 2448 786 2486 Tacit.
808 2447 916 2486 Αἠη.
937 2448 1008 2485 xii.
1036 2459 1095 2486 10.
1154 2446 1230 2485 See
1247 2446 1319 2485 the
1336 2444 1645 2492 Introduction,
1662 2457 1766 2494 page
1784 2443 1882 2482 xvii.

282 2510 345 2549 16.
375 2512 601 2548 Hesterni
629 2521 789 2547 sumus
819 2513 893 2548 et:
925 2521 994 2548 see
1023 2512 1133 2556 note,
1156 2508 1219 2547 ch.
1245 2519 1293 2555 1;
1323 2507 1407 2547 and
1430 2507 1494 2545 for
1522 2506 1596 2544 the
1623 2505 1733 2544 force
1762 2505 1806 2544 of
1831 2511 1882 2554 et,

225 2579 339 2623 note,
367 2573 432 2612 ch.
458 2583 494 2612 2.

341 2637 494 2680 urbes,
525 2634 718 2677 insulas,
750 2634 941 2671 castella
963 2662 971 2670 .
995 2662 1004 2670 .
1027 2663 1035 2671 .
1057 2633 1225 2671 forum.
1281 2631 1417 2669 There
1446 2630 1482 2669 is
1517 2642 1630 2668 some
1666 2642 1882 2680 exaggera-

224 2697 318 2735 tion
336 2695 382 2733 in
400 2694 473 2732 the
503 2693 809 2732 accumulation
838 2694 882 2731 of
906 2693 1026 2732 these
1055 2692 1284 2732 rhetorical
1314 2691 1476 2731 details.
1533 2691 1621 2729 The
1651 2691 1883 2729 Christians

225 2756 350 2797 could
368 2760 442 2794 not
461 2755 514 2793 be
528 2754 618 2793 said
639 2757 649 2775 ‘
663 2759 707 2793 to
725 2754 788 2792 fill
804 2754 814 2770 ’
837 2754 909 2793 the
930 2757 941 2775 ‘
958 2752 1106 2805 camp,'
1127 2758 1139 2775 ‘
1151 2754 1223 2793 the
1242 2752 1413 2804 palace,'
1440 2766 1486 2791 or
1506 2756 1518 2773 ‘
1532 2753 1605 2791 the
1626 2750 1796 2792 senate?
1839 2753 1883 2790 It

226 2820 261 2858 is
290 2831 394 2868 very
421 2817 710 2868 questionable
738 2815 927 2854 whether
956 2820 1002 2854 at
1030 2816 1104 2854 the
1138 2815 1221 2853 end
1250 2815 1295 2853 of
1321 2815 1395 2853 the
1427 2814 1571 2853 fourth
1603 2818 1781 2866 century
1810 2815 1883 2854 the

226 2879 442 2919 Christian
461 2881 646 2917 senators
665 2891 773 2916 were
793 2881 868 2915 not
888 2878 933 2915 in
952 2878 1026 2915 the
1045 2876 1266 2927 minority:
1297 2889 1365 2915 see
1377 2876 1544 2916 Gibbon
1563 2876 1621 2914 iii.
1643 2888 1723 2928 409
1738 2890 1748 2925 3
1778 2877 1882 2915 Pru-

227 2941 343 2981 dent.
364 2945 491 2979 contr.
516 2939 672 2990 Symm.
697 2938 726 2977 i.
749 2948 824 2988 545
847 2938 918 2985 ff.;
949 2936 989 2975 S.
1010 2937 1205 2976 Ambros.
1226 2937 1345 2988 Epp.
1371 2945 1431 2988 17,
1457 2937 1517 2976 18.

286 3011 346 3053 17.
381 3002 584 3046 castella,
607 3004 616 3020 ⁶
634 2999 810 3050 villages
825 2997 834 3012 ’
853 3012 862 3045 ;
892 3011 959 3037 see
980 3002 1092 3045 note,
1113 2998 1175 3037 ch.
1205 3009 1239 3038 1.

286 3064 348 3102 18.
378 3064 476 3101 sola
495 3063 631 3099 vobis
651 3063 924 3106 reliquimus
945 3062 1145 3105 templa:
1177 3072 1245 3097 see
1264 3059 1327 3098 ch.
1356 3070 1419 3110 15.

286 3135 347 3176 19.
379 3126 632 3161 Possumus
659 3152 668 3160 .
689 3150 699 3159 .
720 3152 729 3161 .
752 3125 902 3160 erunt.
959 3121 1060 3159 This
1100 3124 1296 3159 sentence
1324 3120 1360 3160 is
1392 3120 1523 3160 found
1552 3121 1597 3159 in
1628 3119 1726 3159 Ood.
1756 3119 1880 3158 Fuld.

229 3187 327 3239 only
345 3199 354 3227 z
387 3185 631 3226 Christiani
649 3187 762 3223 must
780 3184 831 3223 be
853 3182 1043 3235 supplied
1061 3182 1168 3222 with
1186 3186 1320 3222 erant.

1041 3265 1124 3304 12
