2154 3564
206 172 303 211 CAP.
320 164 451 215 XVI.]
533 157 792 208 adversus
834 156 1026 208 Gentes
1050 164 1155 223 pro
1199 156 1540 209 Christianis.
1797 168 1862 222 57

205 299 435 346 materiae
472 299 678 361 qualitas
713 299 879 346 eadem
915 299 1009 358 sit3
1052 298 1233 346 viderit
1267 299 1433 356 forma,
1471 299 1587 345 dum
1621 298 1673 346 id
1708 300 1865 362 ipsum

206 381 285 428 dei
331 397 503 442 corpus
551 381 629 428 sit.
717 381 787 428 Et
832 385 994 428 tamen
1035 385 1218 443 quanto
1267 380 1588 443 distinguitur
1635 399 1664 428 a
1712 381 1865 428 crucis

206 462 372 524 stipite
396 462 562 510 Pallas
588 462 769 522 Attica,
796 467 846 511 et
879 462 1024 510 Ceres
1047 461 1241 520 Pharia,
1269 480 1393 525 quae
1430 463 1532 510 sine
1566 462 1719 524 effigie
1755 463 1868 510 rudi

205 545 315 608 palo
345 549 395 592 et
419 545 614 595 informi
648 545 781 608 ligno
812 545 1031 608 prostat?
1102 545 1219 591 Pars
1249 545 1403 592 crucis
1429 548 1502 591 est
1528 561 1666 591 omne
1702 545 1864 602 robur,

207 626 336 688 quod
373 631 532 674 erecta
574 627 783 674 statione
826 626 1084 688 defigitur3
1135 643 1233 684 nos,
1273 626 1314 673 si
1356 626 1495 684 forte,
1535 626 1782 687 integrum
1820 632 1908 687 et5

205 714 362 756 totum
388 710 530 756 deum
560 709 774 757 colimus.
845 708 1074 755 Diximus
1106 707 1341 770 originem
1377 708 1575 754 deorum
1598 712 1867 754 vestrorum

206 808 234 838 a
258 790 428 853 plastis
453 793 511 838 de
536 808 677 837 cruce
702 790 882 837 induci.
956 790 1053 838 Sed
1078 794 1126 837 et
1149 789 1391 837 Victorias
1425 788 1651 848 adoratis,
1679 806 1788 836 cum
1815 790 1868 835 in

205 872 416 936 tropaeis
452 889 616 920 cruces
650 872 882 919 intestina
917 871 1015 919 sint
1047 877 1365 933 tropaeorum.
1435 871 1631 934 Religio
1661 871 1868 917 Roman-

205 971 343 1002 orum
390 959 495 1001 tota
543 954 795 1002 castrensis
844 953 982 1016 signa
1027 958 1302 1012 veneratur,
1352 953 1489 1015 signa
1529 953 1678 1016 jurat,
1730 952 1868 1014 signa

205 1037 425 1084 omnibus
449 1037 543 1084 diis
566 1036 832 1099 praeponit.
906 1036 1085 1085 Omnes
1118 1036 1193 1082 illi
1225 1035 1493 1098 imaginum
1528 1038 1780 1097 suggestus
1816 1034 1868 1080 in
1890 1058 1937 1084 10

206 1118 355 1181 signis
401 1119 601 1165 monilia
647 1135 843 1165 crucum
891 1122 1018 1165 sunt.
1096 1117 1302 1180 Siphara
1350 1118 1434 1164 illa
1482 1117 1773 1165 vexillorum
1821 1120 1869 1162 et

205 1201 546 1248 cantabrorum
584 1200 733 1247 stolae
769 1217 967 1246 crucum
1002 1206 1130 1248 sunt.
1200 1200 1368 1247 Laudo
1407 1199 1726 1262 diligentiam,
1762 1199 1867 1244 nol-

205 1282 350 1330 uistis
375 1284 528 1330 nudas
553 1287 601 1329 et
624 1282 831 1329 incultas
856 1299 1019 1330 cruces
1043 1299 1332 1330 consecrare.

276 1363 381 1413 Alii
414 1366 557 1428 plane
591 1364 851 1412 humanius
887 1370 936 1412 et
958 1364 1271 1412 verisimilius
1297 1364 1457 1412 Solem
1490 1364 1693 1411 credunt
1726 1364 1869 1411 deum

205 1456 440 1499 nostrum.
511 1445 592 1494 Ad
615 1447 800 1505 Persas,
827 1447 867 1495 si
898 1448 1038 1506 forte,
1064 1447 1409 1510 deputabimur
1433 1447 1570 1510 (licet
1599 1446 1748 1494 solem
1771 1462 1868 1492 non
1890 1471 1935 1510 15

204 1534 258 1580 in
287 1532 437 1579 linteo
462 1530 707 1592 depictum
729 1528 1001 1594 adoremus)
1028 1529 1258 1577 habentes
1290 1528 1452 1591 ipsum
1480 1528 1660 1590 ubique
1695 1528 1748 1574 in
1784 1545 1868 1575 suo

206 1614 372 1677 clipeo.
450 1611 670 1674 Denique
731 1611 843 1659 inde
890 1611 1112 1674 suspicio,
1163 1611 1291 1673 quod
1347 1609 1617 1657 innotuerit
1670 1625 1755 1656 nos
1807 1609 1869 1657 ad

207 1695 404 1744 orientis
427 1693 670 1755 regionem
701 1693 903 1756 precari.
974 1693 1069 1741 Sed
1104 1697 1155 1740 et
1191 1692 1408 1755 plerique
1432 1695 1647 1739 vestrum
1682 1690 1867 1738 affecta-

205 1819 401 1859 material
421 1818 456 1857 is
476 1817 550 1856 the
570 1814 710 1855 same.'
765 1817 854 1856 The
874 1818 1109 1868 expression
1129 1817 1164 1856 is
1185 1831 1209 1855 a
1233 1830 1424 1855 common
1444 1830 1522 1855 one
1542 1816 1588 1854 in
1606 1814 1842 1854 Tertullian
1856 1828 1866 1862 ;

204 1896 267 1933 cp.
287 1881 353 1921 ch.
377 1891 440 1930 25,
461 1879 656 1917 ‘Viderit
683 1877 887 1930 Cybele'3
917 1879 1013 1917 adv.
1038 1879 1180 1919 Herm.
1206 1890 1242 1927 1,
1264 1878 1361 1916 ‘sed
1389 1878 1542 1916 viderit
1571 1890 1744 1928 persona
1773 1889 1867 1915 cum

206 1944 395 1983 doctrina
412 1941 516 1979 mihi
537 1941 725 1991 quaestio
745 1941 800 1979 sit
814 1939 848 1990 '3
878 1941 970 1980 adv.
989 1940 1200 1981 Valentin.
1215 1939 1255 1989 6,
1270 1946 1278 1961 ‘
1294 1940 1451 1979 viderit
1471 1939 1736 1978 soloecismus
1749 1936 1759 1953 ’
1776 1952 1787 1986 ;
1816 1938 1867 1976 de

205 2006 311 2055 vir-9.
336 2003 413 2044 vel.
438 2010 486 2054 73
517 2002 567 2040 de
587 2002 688 2041 idol.
714 2013 774 2041 11.

262 2077 298 2116 5.
320 2067 361 2104 si
373 2067 494 2103 sorte
510 2076 519 2104 ε
546 2064 605 2101 ‘if
614 2068 659 2102 at
674 2060 771 2111 all’3
792 2063 875 2102 and
888 2077 932 2103 so
944 2063 1089 2112 below,
1108 2063 1191 2102 and
1206 2063 1269 2102 ch.
1285 2074 1334 2114 41
1354 2076 1362 2102 :
1384 2076 1446 2114 cp.
1465 2062 1522 2101 ‘si
1536 2059 1780 2112 utiquejch.
1798 2072 1865 2111 49.

264 2139 327 2167 10.
358 2129 433 2165 illi
456 2127 715 2171 imaginum
742 2130 1014 2172 suggestus:
1047 2126 1129 2164 ‘all
1151 2126 1270 2164 those
1299 2129 1429 2163 crests
1456 2123 1501 2162 of
1524 2124 1681 2174 images
1713 2136 1765 2161 on
1793 2123 1867 2161 the

205 2189 428 2228 standards
449 2201 520 2226 are
547 2188 762 2226 necklaces
790 2187 836 2226 of
858 2200 1013 2226 crosses
1027 2185 1038 2203 '
1053 2200 1063 2236 3
1091 2188 1165 2226 the
1185 2187 1284 2238 gold
1307 2186 1390 2225 and
1410 2185 1536 2224 silver
1555 2185 1713 2236 images
1734 2184 1778 2223 of
1793 2184 1867 2223 the

206 2263 412 2301 emperors
432 2249 516 2287 and
534 2249 636 2300 gods
655 2248 791 2287 which
810 2262 919 2288 were
938 2249 1051 2287 fixed
1069 2249 1208 2287 round
1228 2249 1300 2287 the
1319 2252 1412 2298 tops
1433 2248 1478 2285 of
1494 2246 1726 2286 standard&

263 2323 326 2350 11.
360 2311 798 2361 Siphara=siparia,
835 2311 987 2350 ‘small
1016 2308 1249 2362 hangings'
1289 2323 1335 2348 or
1368 2308 1554 2348 curtains
1586 2306 1787 2347 attached
1824 2310 1867 2345 to

205 2373 277 2412 the
295 2374 474 2412 banners
494 2372 579 2411 and
598 2373 820 2411 standai-ds
843 2372 1100 2422 (cantabra).

264 2446 328 2486 14.
363 2437 520 2474 Solem
545 2437 744 2474 credunt
771 2437 910 2472 deum
929 2438 1155 2473 nostrum.
1209 2444 1244 2481 3.
1270 2431 1468 2482 Worship
1489 2430 1535 2469 of
1548 2429 1622 2469 the
1643 2429 1743 2469 Sun.
1791 2429 1865 2480 Cp.

206 2496 263 2536 ad
282 2497 384 2535 Nat.
406 2497 435 2534 i.
459 2507 523 2545 13

265 2557 325 2597 16.
356 2560 408 2596 in
432 2559 582 2596 linteo
609 2540 862 2602 depictum.
924 2556 996 2607 Op.
1021 2556 1187 2607 Vopisc.
1208 2554 1299 2593 Am
1302 2555 1353 2594 el.
1377 2565 1414 2605 5,
1438 2554 1563 2592 ‘data
1593 2556 1656 2591 est
1685 2553 1724 2591 ei
1749 2565 1865 2603 prae-

205 2622 334 2667 terea,
356 2632 449 2658 cum
473 2619 637 2668 legatus
663 2618 717 2656 ad
744 2618 893 2657 Persas
922 2619 1036 2665 isset,
1065 2621 1224 2668 patera,
1248 2616 1384 2667 qualis
1414 2616 1521 2654 solet
1545 2613 1866 2664 imperatoribus

207 2680 298 2719 dari
331 2694 357 2719 a
394 2693 492 2730 rege
526 2679 762 2727 Persarum,
796 2679 841 2717 in
878 2692 961 2730 qua
999 2679 1233 2729 insculptus
1274 2681 1366 2716 erat
1405 2676 1474 2715 Sol
1512 2689 1560 2715 eo
1597 2675 1746 2714 habitu
1785 2688 1867 2726 quo

205 2739 444 2785 colebatur,’
466 2743 541 2779 ete.

316 2805 369 2841 in
396 2814 480 2840 suo
508 2804 682 2847 clipeo:
711 2801 783 2840 zze.
815 2801 888 2839 the
914 2800 1038 2839 vault
1064 2799 1108 2839 of
1132 2800 1320 2847 heaven3
1359 2811 1420 2850 cp.
1443 2797 1554 2837 Ovid
1579 2797 1686 2837 Met.
1710 2796 1737 2836 i.
1763 2807 1841 2834 110
1856 2809 1866 2843 ;

206 2863 293 2903 xiii.
320 2874 394 2915 291
412 2877 422 2911 ;
453 2863 581 2901 Hom.
601 2862 727 2900 Iliad
744 2862 860 2900 xviii.
881 2863 958 2913 481
985 2862 1029 2901 ff.

264 2933 326 2976 17.
357 2928 417 2964 ad
446 2926 644 2963 orientis
671 2926 914 2969 regionem
942 2924 1135 2968 precari.
1192 2922 1291 2960 This
1311 2926 1474 2960 custom
1491 2934 1576 2960 was
1596 2920 1746 2959 almost
1773 2919 1866 2958 uni-

207 2987 343 3025 versal
362 2986 408 3024 in
426 2985 500 3024 the
520 2985 638 3035 early
657 2984 835 3023 Church.
893 2984 981 3022 The
1002 2987 1106 3030 east,
1126 2996 1171 3022 as
1191 2983 1264 3021 the
1283 2983 1428 3033 region
1458 2983 1503 3021 of
1523 2981 1644 3032 light,
1664 2993 1748 3020 was
1774 2993 1868 3019 con·

205 3048 370 3087 sidered
397 3051 442 3086 to
470 3047 522 3086 be
550 3046 751 3098 symbolic
780 3045 825 3084 of
849 3045 991 3084 Christ
1018 3045 1091 3084 the
1118 3044 1206 3083 Sun
1233 3044 1278 3082 of
1298 3044 1641 3094 Righteousness,
1661 3043 1735 3081 the
1754 3042 1867 3093 Day-

206 3109 348 3159 spring
376 3108 470 3147 who
499 3107 679 3158 brought
707 3106 817 3158 light
846 3110 891 3146 to
918 3107 992 3145 the
1021 3106 1152 3145 world
1178 3106 1316 3144 which
1344 3106 1415 3157 lay
1444 3106 1491 3144 in
1520 3105 1731 3143 darkness.
1792 3103 1863 3153 Cp.

205 3172 352 3221 Apost.
378 3170 516 3209 Oonst.
539 3169 580 3208 ii.
604 3176 680 3220 573
711 3169 750 3209 S.
772 3169 882 3219 Aug.
908 3168 957 3208 de
985 3181 1103 3208 serm.
1124 3167 1243 3207 Dom.
1265 3169 1308 3208 ii.
1335 3178 1371 3219 5,
1400 3171 1548 3219 ‘quam
1576 3167 1630 3206 ad
1659 3165 1866 3205 orationes
