2154 3564
200 199 266 248 16
661 198 992 251 Tertulliani
1025 197 1399 265 Apologetz‘cus
1650 206 1769 259 [CAP.
1793 211 1864 249 lv.

195 358 359 390 omnes
395 341 447 389 in
472 342 763 392 Christianis
788 359 886 389 non
916 357 1016 389 esse
1042 357 1165 404 quae
1194 340 1247 387 in
1278 357 1326 388 se
1360 358 1457 388 non
1489 340 1711 389 nesciunt
1749 359 1868 401 esse,

196 420 341 468 simul
378 420 451 468 uti
486 421 771 469 erubescant
806 424 1099 479 accusantes,
1140 436 1236 466 non
1272 419 1378 466 dico
1413 419 1611 482 pessimi
1646 421 1866 483 optimos,

195 503 280 550 sed
292 504 406 567 jam,
427 507 484 550 ut
502 503 686 561 volunt,
707 519 953 566 compares
973 519 1096 550 suos.
1157 501 1574 563 Respondebimus
1594 502 1656 549 ad
1675 502 1868 566 singula

196 602 319 648 quae
343 586 396 633 in
422 586 612 634 occulto
642 584 902 633 admittere
938 584 1163 644 dicimur,
1192 600 1315 647 quae
1348 583 1459 631 illos
1492 584 1656 648 palam
1688 585 1868 633 admit-

158 679 180 719 5
196 672 356 716 tentes
380 667 670 726 invenimus,
689 666 743 714 in
767 667 943 730 quibus
967 665 1170 725 scelesti,
1188 666 1241 712 in
1267 666 1444 728 quibus
1468 666 1596 726 vani,
1616 666 1668 714 in
1693 667 1869 730 quibus

197 750 471 809 damnandi,
498 750 551 797 in
575 750 754 813 quibus
772 749 1015 797 irridendi
1040 749 1345 812 deputamur.

267 832 363 881 Sed
396 832 635 895 quoniam,
663 850 773 880 cum
805 832 867 879 ad
898 832 1060 879 omnia
1093 830 1303 879 occurrit
1334 829 1515 878 veritas
1545 835 1726 891 nostra,
1760 848 1868 894 pos-

197 921 349 962 tremo
375 915 536 977 legum
560 915 832 963 obstruitur
856 914 1121 962 auctoritas
1146 915 1378 962 adversus
1404 931 1524 973 eam,
1552 919 1608 962 ut
1634 918 1720 962 aut
1745 914 1870 961 nihil

197 997 390 1046 dicatur
423 997 786 1045 retractandum
817 1013 920 1045 6666
949 1001 1060 1059 post
1091 997 1232 1059 leges,
1259 1001 1345 1044 aut
1373 996 1580 1060 ingratis
1610 996 1868 1045 necessitas

134 1102 182 1129 10
198 1079 417 1142 obsequii
458 1081 762 1144 praeferatur
799 1078 1020 1127 veritati:
1069 1079 1129 1126 de
1166 1078 1358 1141 legibus
1399 1079 1536 1142 prius
1585 1096 1868 1127 concurram

196 1163 444 1210 Vobiscum
468 1167 526 1210 ut
552 1180 660 1211 cum
684 1162 934 1211 tutoribus
957 1162 1134 1225 legum.
1183 1156 1236 1209 ‘J
1240 1179 1316 1209 am
1340 1161 1554 1225 primum
1579 1179 1725 1225 quam
1749 1161 1870 1209 dure

198 1244 411 1294 definitis
449 1246 681 1294 dicendo:
726 1246 840 1293 Non
881 1245 995 1294 licet
1033 1262 1135 1293 esse
1177 1245 1290 1292 vos!
1363 1245 1430 1292 Et
1482 1244 1573 1292 hoc
1621 1245 1723 1292 sine
1769 1245 1872 1292 ullo

198 1331 470 1376 retractatu
505 1328 787 1376 humaniore
823 1327 1183 1391 praescribitis3
1224 1327 1325 1376 vim
1357 1327 1653 1390 profitemini
1693 1332 1743 1375 et
1779 1327 1871 1374 ini-

199 1427 343 1473 quam
368 1427 428 1458 ex
453 1427 561 1458 arce
582 1410 972 1470 dominationem,
997 1410 1038 1459 si
1056 1410 1161 1458 ideo
1186 1413 1374 1473 negatis
1394 1410 1552 1467 licere,
1573 1410 1688 1474 quia
1705 1411 1870 1468 vultis,

136 1511 182 1552 15
199 1510 297 1540 non
333 1493 448 1556 quia
484 1493 655 1540 debuit
689 1511 786 1541 non
822 1493 977 1541 licere.
1051 1493 1194 1553 Quod
1229 1493 1271 1541 si
1305 1493 1420 1556 quia
1453 1510 1550 1540 non
1580 1494 1735 1552 debet,
1762 1493 1870 1540 ideo

199 1592 296 1623 non
319 1575 469 1623 vultis
493 1575 651 1634 licere,
680 1575 782 1623 sine
821 1575 971 1623 dubio
1002 1575 1052 1622 id
1084 1592 1182 1623 non
1215 1575 1358 1623 debet
1393 1575 1552 1633 licere,
1578 1576 1709 1639 quod
1743 1576 1870 1623 male

198 1657 270 1715 fit,
304 1662 354 1705 et
390 1657 562 1721 utique
601 1657 690 1705 hoc
727 1657 833 1721 ipso
871 1657 1239 1721 praejudicatur
1279 1658 1437 1715 licere,
1476 1658 1605 1720 quod
1642 1658 1762 1705 bene
1802 1656 1871 1705 fit.

201 1739 251 1787 Si
289 1739 465 1787 bonum
500 1740 730 1788 invenero
765 1757 884 1800 esse,
922 1740 1052 1803 quod
1088 1741 1167 1787 lex
1203 1744 1290 1788 tua
1325 1740 1595 1803 prohibuit,
1622 1757 1781 1788 nonne
1812 1758 1873 1788 ex

199 1822 284 1869 illo
323 1822 620 1885 praejudicio
661 1822 919 1885 prohibere
959 1839 1036 1871 me
1078 1839 1176 1870 non
1217 1826 1390 1885 potest,
1432 1822 1563 1886 quod
1605 1822 1647 1870 si
1689 1823 1873 1870 malum

137 1922 186 1950 20
200 1909 339 1964 esset,
362 1904 472 1967 jure
495 1905 806 1968 prohiberet‘l
877 1905 931 1954 Si
963 1905 1043 1952 lex
1073 1910 1161 1953 tua
1194 1905 1393 1963 erravit,
1428 1910 1561 1967 puto,
1587 1905 1648 1952 ab
1678 1904 1874 1953 homine

200 1993 429 2050 concepta
454 1992 527 2035 est
541 2003 554 2046 3
591 2003 747 2050 neque
772 1987 901 2035 enim
926 1987 986 2035 de
1012 1988 1141 2035 caelo
1166 1987 1282 2035 ruit.
1355 1987 1607 2034 Miramini
1631 1987 1872 2035 hominem

200 2073 286 2117 aut
311 2085 473 2117 errare
497 2069 712 2132 potuisse
735 2069 787 2116 in
811 2070 918 2133 lege
938 2069 1206 2129 condenda,
1228 2073 1315 2117 aut
1346 2069 1607 2132 resipuisse
1631 2069 1685 2116 in
1709 2086 1873 2132 repro—

257 2223 294 2262 8.
325 2224 485 2268 legum
516 2224 782 2262 obstruitur
812 2224 1083 2262 auctoritas.
1141 2222 1208 2261 On
1239 2221 1314 2261 the
1347 2222 1450 2261 laws
1481 2222 1621 2261 which
1654 2222 1792 2274 might
1822 2221 1875 2260 be

203 2284 395 2323 enforced
413 2285 577 2335 against
597 2284 672 2322 the
691 2283 927 2323 Christians
947 2297 1015 2323 see
1033 2284 1107 2323 the
1127 2283 1439 2334 Introduction,
1453 2298 1579 2336 pages
1600 2285 1772 2324 xiissxv.
1831 2285 1875 2322 It

202 2346 291 2385 will
312 2346 363 2385 be
378 2346 546 2385 noticed
560 2346 656 2385 that
672 2359 727 2385 no
742 2345 951 2385 reference
971 2347 1005 2385 is
1025 2346 1146 2385 made
1167 2347 1211 2385 in
1225 2347 1343 2385 these
1365 2346 1556 2398 Chapters
1572 2351 1616 2386 to
1635 2360 1721 2398 any
1732 2352 1875 2386 recent

204 2408 329 2457 edict,
351 2421 396 2447 as
415 2408 555 2447 would
574 2409 682 2447 have
700 2408 807 2447 been
825 2408 994 2447 natural
1015 2408 1052 2447 if
1066 2408 1140 2448 the
1158 2408 1334 2460 rescript
1356 2409 1400 2448 of
1425 2408 1602 2448 Severus
1627 2409 1672 2448 in
1694 2420 1769 2447 202
1791 2409 1875 2448 had

203 2472 310 2510 been
329 2471 620 2523 promulgated
638 2471 762 2510 when
780 2470 854 2510 the
868 2470 1064 2523 Apology
1082 2484 1168 2510 was
1188 2472 1371 2511 written.

259 2544 297 2584 9.
327 2535 682 2572 retractandum
701 2545 826 2572 esse:
857 2545 924 2571 see
943 2537 1043 2572 note
1061 2532 1125 2571 ch.
1150 2544 1169 2571 2
1179 2543 1215 2583 5.

263 2606 323 2634 10.
355 2607 630 2634 concurram
641 2597 900 2634 vobiscum.
942 2599 951 2615 ‘
967 2594 991 2633 I
1006 2595 1095 2634 will
1111 2608 1269 2647 engage
1284 2594 1390 2634 with
1405 2592 1505 2646 you'
1527 2595 1590 2647 (in
1606 2594 1844 2647 argument)
1865 2609 1874 2643 ;

204 2655 277 2694 the
309 2656 527 2707 metaphor
556 2656 590 2695 is
620 2656 751 2695 taken
781 2656 887 2694 from
918 2656 992 2695 the
1021 2656 1209 2709 military
1238 2656 1521 2708 signification
1547 2657 1593 2697 of
1622 2671 1871 2699 concurrere.

205 2717 403 2756 Contrast
422 2718 478 2757 its
495 2718 669 2769 judicial
689 2718 887 2770 meaning
904 2719 949 2757 in
967 2717 1031 2759 ch.
1057 2730 1120 2770 24.

265 2790 324 2817 12,
359 2781 470 2817 Non
489 2781 602 2818 licet
623 2792 725 2818 esse
745 2782 859 2819 vos!
901 2780 1050 2819 ‘Your
1070 2781 1281 2819 existence
1312 2781 1347 2819 is
1374 2778 1549 2832 illega1.'
1596 2781 1877 2834 Christianity

206 2853 291 2878 was
311 2840 355 2877 in
374 2840 580 2878 technical
600 2840 749 2891 phrase
769 2855 794 2880 a
814 2841 970 2891 religio
983 2841 1158 2890 illicvlta,
1173 2855 1197 2880 a
1217 2841 1323 2880 form
1343 2841 1389 2879 of
1404 2842 1583 2892 worship
1604 2842 1816 2881 unknown
1831 2848 1876 2881 to

206 2901 279 2940 the
299 2901 379 2939 law
395 2914 405 2948 ;
435 2914 502 2940 see
523 2906 640 2940 notes
661 2902 724 2940 ch.
750 2903 812 2949 18,
835 2913 898 2950 21,
919 2903 982 2951 38.
1040 2902 1083 2941 It
1104 2902 1396 2953 undoubtedly
1415 2903 1695 2942 contravened
1710 2903 1755 2941 in
1773 2903 1876 2942 both

206 2962 457 3013 particulars
491 2961 670 3001 Cicero's
708 2961 925 3001 definition
963 2962 1009 3001 of
1043 2964 1180 3015 ‘legal
1196 2961 1278 2992 '—-‘
1292 2963 1421 3002 licere
1460 2964 1505 3001 id
1544 2964 1733 3012 dicimus,
1765 2963 1877 3015 quod

207 3023 382 3074 legibus,
403 3023 515 3074 quod
534 3036 649 3061 more
669 3024 877 3075 majorum>
894 3024 1183 3075 institutisque
1203 3024 1473 3069 conceditur,’
1494 3023 1612 3062 Phil.
1633 3024 1721 3062 xiii.
1744 3023 1782 3062 6.
1813 3035 1874 3073 14.

210 3085 352 3136 Comp.
377 3087 426 3123 ut
454 3084 588 3124 denuo
614 3086 700 3123 sim}
727 3084 980 3130 Christiani,
1005 3085 1122 3124 ‘that
1147 3086 1220 3124 the
1244 3085 1480 3124 Christiane
1509 3098 1607 3135 may
1627 3085 1750 3136 again
1769 3085 1876 3123 have

210 3161 235 3186 a
266 3147 376 3198 legal
408 3144 642 3194 existence,'
676 3151 684 3165 ‘
703 3159 800 3197 may
833 3147 884 3185 be
913 3147 1120 3186 tolerated
1146 3160 1190 3186 as
1222 3147 1353 3195 such‚’
1388 3147 1433 3186 in
1460 3144 1665 3186 Galerius’
1695 3146 1806 3185 edict
1835 3145 1879 3184 of

216 3209 476 3257 Toleration,
497 3208 691 3247 Lactant.
714 3207 765 3246 de
785 3211 904 3247 mort.
926 3207 1042 3247 Pers.
1065 3220 1129 3259 34.
