<?xml version="1.0" encoding="UTF-8"?>
<!DOCTYPE html PUBLIC "-//W3C//DTD XHTML 1.0 Transitional//EN"
    "http://www.w3.org/TR/xhtml1/DTD/xhtml1-transitional.dtd">
<html xmlns="http://www.w3.org/1999/xhtml" xml:lang="en" lang="en">
 <head>
  <title>
</title>
<meta http-equiv="Content-Type" content="text/html;charset=utf-8" />
  <meta name='ocr-system' content='tesseract 3.04.00' />
  <meta name='ocr-capabilities' content='ocr_page ocr_carea ocr_par ocr_line ocrx_word'/>
</head>
<body>
  <div class='ocr_page' id='page_1' title='image "apologeticusadve00tert_0184.png"; bbox 0 0 2154 3564; ppageno 0'>
   <div class='ocr_carea' id='block_1_1' title="bbox 271 218 1934 286">
    <p class='ocr_par' dir='ltr' id='par_1_1' title="bbox 271 218 1934 286">
     <span class='ocr_line' id='line_1_1' title="bbox 271 218 1934 286; baseline -0.001 -17"><span class='ocrx_word' id='word_1_1' title='bbox 271 221 371 283; x_wconf 80' lang='lat'>146</span> <span class='ocrx_word' id='word_1_2' title='bbox 735 219 1067 271; x_wconf 76' lang='lat' dir='ltr'><em>Tertulliani</em></span> <span class='ocrx_word' id='word_1_3' title='bbox 1102 218 1476 286; x_wconf 72' lang='lat' dir='ltr'>Apologetz‘cns</span> <span class='ocrx_word' id='word_1_4' title='bbox 1599 227 1721 279; x_wconf 85' lang='lat' dir='ltr'>[CAP.</span> <span class='ocrx_word' id='word_1_5' title='bbox 1745 232 1934 270; x_wconf 71' lang='lat' dir='ltr'><strong>XLVIII.</strong></span> 
     </span>
    </p>
   </div>
   <div class='ocr_carea' id='block_1_2' title="bbox 200 361 1944 1907">
    <p class='ocr_par' dir='ltr' id='par_1_2' title="bbox 200 361 1944 1907">
     <span class='ocr_line' id='line_1_2' title="bbox 265 361 1934 424; baseline 0.001 -14"><span class='ocrx_word' id='word_1_6' title='bbox 265 362 575 424; x_wconf 80' lang='lat' dir='ltr'>Ubicumque</span> <span class='ocrx_word' id='word_1_7' title='bbox 600 362 841 410; x_wconf 86' lang='lat' dir='ltr'>resolutus</span> <span class='ocrx_word' id='word_1_8' title='bbox 868 361 1034 418; x_wconf 84' lang='lat' dir='ltr'>fueris,</span> <span class='ocrx_word' id='word_1_9' title='bbox 1061 378 1388 424; x_wconf 87' lang='lat' dir='ltr'>quaecumque</span> <span class='ocrx_word' id='word_1_10' title='bbox 1413 367 1461 409; x_wconf 92' lang='lat' dir='ltr'>te</span> <span class='ocrx_word' id='word_1_11' title='bbox 1486 363 1689 411; x_wconf 82' lang='lat' dir='ltr'>materia</span> <span class='ocrx_word' id='word_1_12' title='bbox 1713 364 1934 411; x_wconf 82' lang='lat' dir='ltr'>destrux-</span> 
     </span>
     <span class='ocr_line' id='line_1_3' title="bbox 264 443 1935 507; baseline 0.002 -17"><span class='ocrx_word' id='word_1_13' title='bbox 264 444 375 503; x_wconf 89' lang='lat' dir='ltr'>erit,</span> <span class='ocrx_word' id='word_1_14' title='bbox 411 444 644 502; x_wconf 89' lang='lat' dir='ltr'>hauserit,</span> <span class='ocrx_word' id='word_1_15' title='bbox 682 443 961 502; x_wconf 72' lang='lat' dir='ltr'><strong>aboleverit,</strong></span> <span class='ocrx_word' id='word_1_16' title='bbox 999 443 1052 490; x_wconf 91' lang='lat' dir='ltr'>in</span> <span class='ocrx_word' id='word_1_17' title='bbox 1088 443 1300 490; x_wconf 90' lang='lat' dir='ltr'>nihilum</span> <span class='ocrx_word' id='word_1_18' title='bbox 1336 444 1627 507; x_wconf 74' lang='lat' dir='ltr'>prodegerit,</span> <span class='ocrx_word' id='word_1_19' title='bbox 1665 446 1837 493; x_wconf 89' lang='lat' dir='ltr'>reddet</span> <span class='ocrx_word' id='word_1_20' title='bbox 1873 452 1935 493; x_wconf 85' lang='lat' dir='ltr'>te.</span> 
     </span>
     <span class='ocr_line' id='line_1_4' title="bbox 265 526 1349 589; baseline 0.001 -16"><span class='ocrx_word' id='word_1_21' title='bbox 265 526 385 589; x_wconf 84' lang='lat' dir='ltr'>Ejus</span> <span class='ocrx_word' id='word_1_22' title='bbox 410 531 484 574; x_wconf 91' lang='lat' dir='ltr'>est</span> <span class='ocrx_word' id='word_1_23' title='bbox 507 526 715 574; x_wconf 90' lang='lat' dir='ltr'>nihilum</span> <span class='ocrx_word' id='word_1_24' title='bbox 739 526 913 589; x_wconf 88' lang='lat' dir='ltr'>ipsum,</span> <span class='ocrx_word' id='word_1_25' title='bbox 940 528 1077 588; x_wconf 82' lang='lat' dir='ltr'>cujus</span> <span class='ocrx_word' id='word_1_26' title='bbox 1104 530 1152 573; x_wconf 89' lang='lat' dir='ltr'>et</span> <span class='ocrx_word' id='word_1_27' title='bbox 1175 530 1349 574; x_wconf 86' lang='lat' dir='ltr'>totum.</span> 
     </span>
     <span class='ocr_line' id='line_1_5' title="bbox 343 607 1936 672; baseline 0 -16"><span class='ocrx_word' id='word_1_28' title='bbox 343 609 489 671; x_wconf 83' lang='lat' dir='ltr'>Ergo,</span> <span class='ocrx_word' id='word_1_29' title='bbox 529 609 747 671; x_wconf 85' lang='lat' dir='ltr'>inquitis,</span> <span class='ocrx_word' id='word_1_30' title='bbox 774 626 964 671; x_wconf 88' lang='lat' dir='ltr'>semper</span> <span class='ocrx_word' id='word_1_31' title='bbox 998 608 1299 655; x_wconf 89' lang='lat' dir='ltr'>moriendum</span> <span class='ocrx_word' id='word_1_32' title='bbox 1331 607 1438 667; x_wconf 89' lang='lat' dir='ltr'>erit,</span> <span class='ocrx_word' id='word_1_33' title='bbox 1469 612 1517 656; x_wconf 88' lang='lat' dir='ltr'>et</span> <span class='ocrx_word' id='word_1_34' title='bbox 1554 626 1742 672; x_wconf 81' lang='lat' dir='ltr'>semper</span> <span class='ocrx_word' id='word_1_35' title='bbox 1776 627 1936 658; x_wconf 90' lang='lat' dir='ltr'>resur-</span> 
     </span>
     <span class='ocr_line' id='line_1_6' title="bbox 225 690 1936 754; baseline 0 -15"><span class='ocrx_word' id='word_1_36' title='bbox 225 692 489 754; x_wconf 79' lang='lat' dir='ltr'>5gendum.</span> <span class='ocrx_word' id='word_1_37' title='bbox 564 691 617 739; x_wconf 80' lang='lat' dir='ltr'>Si</span> <span class='ocrx_word' id='word_1_38' title='bbox 652 691 724 738; x_wconf 89' lang='lat' dir='ltr'>ita</span> <span class='ocrx_word' id='word_1_39' title='bbox 760 708 923 738; x_wconf 90' lang='lat' dir='ltr'>rerum</span> <span class='ocrx_word' id='word_1_40' title='bbox 949 690 1191 738; x_wconf 80' lang='lat' dir='ltr'>Dominus</span> <span class='ocrx_word' id='word_1_41' title='bbox 1230 690 1533 749; x_wconf 74' lang='lat' dir='ltr'>destinasset,</span> <span class='ocrx_word' id='word_1_42' title='bbox 1561 691 1768 754; x_wconf 83' lang='lat' dir='ltr'>ingratis</span> <span class='ocrx_word' id='word_1_43' title='bbox 1793 709 1936 754; x_wconf 82' lang='lat' dir='ltr'>expe-</span> 
     </span>
     <span class='ocr_line' id='line_1_7' title="bbox 262 772 1936 841; baseline -0.001 -20"><span class='ocrx_word' id='word_1_44' title='bbox 262 773 428 823; x_wconf 89' lang='lat' dir='ltr'>rireris</span> <span class='ocrx_word' id='word_1_45' title='bbox 454 773 745 821; x_wconf 87' lang='lat' dir='ltr'>conditionis</span> <span class='ocrx_word' id='word_1_46' title='bbox 766 777 879 820; x_wconf 88' lang='lat' dir='ltr'>tuae</span> <span class='ocrx_word' id='word_1_47' title='bbox 903 773 1072 836; x_wconf 83' lang='lat' dir='ltr'>legem.</span> <span class='ocrx_word' id='word_1_48' title='bbox 1130 772 1199 820; x_wconf 90' lang='lat' dir='ltr'>At</span> <span class='ocrx_word' id='word_1_49' title='bbox 1225 790 1353 820; x_wconf 92' lang='lat' dir='ltr'>nunc</span> <span class='ocrx_word' id='word_1_50' title='bbox 1378 790 1476 820; x_wconf 91' lang='lat' dir='ltr'>non</span> <span class='ocrx_word' id='word_1_51' title='bbox 1495 773 1636 821; x_wconf 83' lang='lat' dir='ltr'>aliter</span> <span class='ocrx_word' id='word_1_52' title='bbox 1652 773 1936 841; x_wconf 85' lang='lat' dir='ltr'>destinavit,</span> 
     </span>
     <span class='ocr_line' id='line_1_8' title="bbox 263 847 1937 919; baseline -0.001 -15"><span class='ocrx_word' id='word_1_53' title='bbox 263 873 407 919; x_wconf 87' lang='lat' dir='ltr'>quam</span> <span class='ocrx_word' id='word_1_54' title='bbox 442 855 754 918; x_wconf 86' lang='lat' dir='ltr'>praedicavit.</span> <span class='ocrx_word' id='word_1_55' title='bbox 828 855 963 915; x_wconf 77' lang='lat' dir='ltr'>Quae</span> <span class='ocrx_word' id='word_1_56' title='bbox 999 855 1124 902; x_wconf 85' lang='lat' dir='ltr'>ratio</span> <span class='ocrx_word' id='word_1_57' title='bbox 1163 854 1539 902; x_wconf 83' lang='lat' dir='ltr'>universitatem</span> <span class='ocrx_word' id='word_1_58' title='bbox 1563 871 1623 902; x_wconf 80' lang='lat' dir='ltr'>ex</span> <span class='ocrx_word' id='word_1_59' title='bbox 1652 847 1937 903; x_wconf 82' lang='lat' dir='ltr'>diversitate</span> 
     </span>
     <span class='ocr_line' id='line_1_9' title="bbox 263 936 1936 1001; baseline -0.001 -16"><span class='ocrx_word' id='word_1_60' title='bbox 263 938 545 1001; x_wconf 84' lang='lat' dir='ltr'>composuit,</span> <span class='ocrx_word' id='word_1_61' title='bbox 573 943 630 985; x_wconf 89' lang='lat' dir='ltr'>ut</span> <span class='ocrx_word' id='word_1_62' title='bbox 654 937 814 985; x_wconf 88' lang='lat' dir='ltr'>omnia</span> <span class='ocrx_word' id='word_1_63' title='bbox 838 955 896 985; x_wconf 85' lang='lat' dir='ltr'>ex</span> <span class='ocrx_word' id='word_1_64' title='bbox 926 936 1128 985; x_wconf 80' lang='lat' dir='ltr'>aemulis</span> <span class='ocrx_word' id='word_1_65' title='bbox 1168 937 1455 985; x_wconf 81' lang='lat' dir='ltr'>substantiis</span> <span class='ocrx_word' id='word_1_66' title='bbox 1489 938 1578 985; x_wconf 90' lang='lat' dir='ltr'>sub</span> <span class='ocrx_word' id='word_1_67' title='bbox 1615 938 1808 985; x_wconf 85' lang='lat' dir='ltr'>unitate</span> <span class='ocrx_word' id='word_1_68' title='bbox 1833 954 1936 985; x_wconf 90' lang='lat' dir='ltr'>con-</span> 
     </span>
     <span class='ocr_line' id='line_1_10' title="bbox 265 1019 1936 1078; baseline 0 -11"><span class='ocrx_word' id='word_1_69' title='bbox 265 1024 450 1067; x_wconf 82' lang='lat' dir='ltr'>starent</span> <span class='ocrx_word' id='word_1_70' title='bbox 476 1036 535 1067; x_wconf 83' lang='lat' dir='ltr'>ex</span> <span class='ocrx_word' id='word_1_71' title='bbox 559 1037 709 1067; x_wconf 84' lang='lat' dir='ltr'>vacuo</span> <span class='ocrx_word' id='word_1_72' title='bbox 740 1024 790 1067; x_wconf 89' lang='lat' dir='ltr'>et</span> <span class='ocrx_word' id='word_1_73' title='bbox 824 1020 988 1078; x_wconf 87' lang='lat' dir='ltr'>solidO,</span> <span class='ocrx_word' id='word_1_74' title='bbox 1015 1037 1075 1067; x_wconf 82' lang='lat' dir='ltr'>ex</span> <span class='ocrx_word' id='word_1_75' title='bbox 1111 1019 1310 1067; x_wconf 90' lang='lat' dir='ltr'>animali</span> <span class='ocrx_word' id='word_1_76' title='bbox 1348 1024 1397 1067; x_wconf 88' lang='lat' dir='ltr'>et</span> <span class='ocrx_word' id='word_1_77' title='bbox 1433 1019 1700 1078; x_wconf 89' lang='lat' dir='ltr'>inanimali,</span> <span class='ocrx_word' id='word_1_78' title='bbox 1729 1037 1790 1067; x_wconf 85' lang='lat' dir='ltr'>ex</span> <span class='ocrx_word' id='word_1_79' title='bbox 1815 1037 1936 1068; x_wconf 89' lang='lat' dir='ltr'>com-</span> 
     </span>
     <span class='ocr_line' id='line_1_11' title="bbox 200 1101 1939 1164; baseline 0 -14"><span class='ocrx_word' id='word_1_80' title='bbox 200 1101 581 1164; x_wconf 88' lang='lat' dir='ltr'>1oprehensibili</span> <span class='ocrx_word' id='word_1_81' title='bbox 625 1106 676 1149; x_wconf 92' lang='lat' dir='ltr'>et</span> <span class='ocrx_word' id='word_1_82' title='bbox 715 1101 1212 1164; x_wconf 85' lang='lat' dir='ltr'>incomprehensibili,</span> <span class='ocrx_word' id='word_1_83' title='bbox 1257 1118 1317 1148; x_wconf 85' lang='lat' dir='ltr'>ex</span> <span class='ocrx_word' id='word_1_84' title='bbox 1363 1102 1470 1149; x_wconf 89' lang='lat' dir='ltr'>luce</span> <span class='ocrx_word' id='word_1_85' title='bbox 1514 1106 1564 1150; x_wconf 92' lang='lat' dir='ltr'>et</span> <span class='ocrx_word' id='word_1_86' title='bbox 1606 1102 1835 1159; x_wconf 88' lang='lat' dir='ltr'>tenebris,</span> <span class='ocrx_word' id='word_1_87' title='bbox 1878 1120 1939 1150; x_wconf 87' lang='lat' dir='ltr'>ex</span> 
     </span>
     <span class='ocr_line' id='line_1_12' title="bbox 263 1183 1938 1247; baseline 0.001 -16"><span class='ocrx_word' id='word_1_88' title='bbox 263 1185 370 1246; x_wconf 86' lang='lat' dir='ltr'>ipsa</span> <span class='ocrx_word' id='word_1_89' title='bbox 402 1183 507 1231; x_wconf 85' lang='lat' dir='ltr'>vita</span> <span class='ocrx_word' id='word_1_90' title='bbox 543 1188 592 1231; x_wconf 93' lang='lat' dir='ltr'>et</span> <span class='ocrx_word' id='word_1_91' title='bbox 628 1189 817 1244; x_wconf 83' lang='lat' dir='ltr'>morte3</span> <span class='ocrx_word' id='word_1_92' title='bbox 857 1185 1023 1232; x_wconf 86' lang='lat' dir='ltr'>eadem</span> <span class='ocrx_word' id='word_1_93' title='bbox 1060 1200 1232 1231; x_wconf 89' lang='lat' dir='ltr'>aevum</span> <span class='ocrx_word' id='word_1_94' title='bbox 1270 1200 1461 1247; x_wconf 88' lang='lat' dir='ltr'>quoque</span> <span class='ocrx_word' id='word_1_95' title='bbox 1497 1183 1570 1232; x_wconf 88' lang='lat' dir='ltr'>ita</span> <span class='ocrx_word' id='word_1_96' title='bbox 1607 1184 1850 1232; x_wconf 85' lang='lat' dir='ltr'>destinata</span> <span class='ocrx_word' id='word_1_97' title='bbox 1885 1202 1938 1233; x_wconf 88' lang='lat' dir='ltr'>ac</span> 
     </span>
     <span class='ocr_line' id='line_1_13' title="bbox 265 1266 1939 1330; baseline 0.001 -17"><span class='ocrx_word' id='word_1_98' title='bbox 265 1266 498 1314; x_wconf 86' lang='lat' dir='ltr'>distincta</span> <span class='ocrx_word' id='word_1_99' title='bbox 524 1266 803 1314; x_wconf 88' lang='lat' dir='ltr'>condicione</span> <span class='ocrx_word' id='word_1_100' title='bbox 831 1266 1093 1325; x_wconf 87' lang='lat' dir='ltr'>conseruit,</span> <span class='ocrx_word' id='word_1_101' title='bbox 1113 1271 1170 1314; x_wconf 89' lang='lat' dir='ltr'>ut</span> <span class='ocrx_word' id='word_1_102' title='bbox 1194 1266 1354 1329; x_wconf 89' lang='lat' dir='ltr'>prima</span> <span class='ocrx_word' id='word_1_103' title='bbox 1377 1266 1493 1314; x_wconf 89' lang='lat' dir='ltr'>haec</span> <span class='ocrx_word' id='word_1_104' title='bbox 1518 1284 1631 1330; x_wconf 91' lang='lat' dir='ltr'>pars</span> <span class='ocrx_word' id='word_1_105' title='bbox 1657 1267 1717 1315; x_wconf 89' lang='lat' dir='ltr'>ab</span> <span class='ocrx_word' id='word_1_106' title='bbox 1741 1267 1939 1315; x_wconf 83' lang='lat' dir='ltr'>exordio</span> 
     </span>
     <span class='ocr_line' id='line_1_14' title="bbox 266 1348 1939 1411; baseline 0.001 -16"><span class='ocrx_word' id='word_1_107' title='bbox 266 1366 442 1406; x_wconf 89' lang='lat' dir='ltr'>rerum,</span> <span class='ocrx_word' id='word_1_108' title='bbox 482 1366 628 1411; x_wconf 88' lang='lat' dir='ltr'>quam</span> <span class='ocrx_word' id='word_1_109' title='bbox 668 1348 939 1409; x_wconf 88' lang='lat' dir='ltr'>incolimus,</span> <span class='ocrx_word' id='word_1_110' title='bbox 978 1349 1232 1411; x_wconf 88' lang='lat' dir='ltr'>temporali</span> <span class='ocrx_word' id='word_1_111' title='bbox 1271 1353 1428 1396; x_wconf 86' lang='lat' dir='ltr'>aetate</span> <span class='ocrx_word' id='word_1_112' title='bbox 1465 1349 1524 1396; x_wconf 89' lang='lat' dir='ltr'>ad</span> <span class='ocrx_word' id='word_1_113' title='bbox 1560 1349 1706 1397; x_wconf 90' lang='lat' dir='ltr'>finem</span> <span class='ocrx_word' id='word_1_114' title='bbox 1742 1349 1939 1408; x_wconf 87' lang='lat' dir='ltr'>defluat,</span> 
     </span>
     <span class='ocr_line' id='line_1_15' title="bbox 265 1430 1939 1494; baseline 0 -16"><span class='ocrx_word' id='word_1_115' title='bbox 265 1447 468 1494; x_wconf 83' lang='lat' dir='ltr'>sequens</span> <span class='ocrx_word' id='word_1_116' title='bbox 505 1447 633 1488; x_wconf 88' lang='lat' dir='ltr'>vero,</span> <span class='ocrx_word' id='word_1_117' title='bbox 674 1447 821 1492; x_wconf 84' lang='lat' dir='ltr'>quam</span> <span class='ocrx_word' id='word_1_118' title='bbox 858 1435 1205 1493; x_wconf 79' lang='lat' dir='ltr'>exspectamus,</span> <span class='ocrx_word' id='word_1_119' title='bbox 1234 1431 1287 1477; x_wconf 89' lang='lat' dir='ltr'>in</span> <span class='ocrx_word' id='word_1_120' title='bbox 1321 1430 1567 1478; x_wconf 87' lang='lat' dir='ltr'>infinitam</span> <span class='ocrx_word' id='word_1_121' title='bbox 1599 1431 1939 1480; x_wconf 82' lang='lat' dir='ltr'>aeternitatem</span> 
     </span>
     <span class='ocr_line' id='line_1_16' title="bbox 203 1512 1939 1576; baseline 0.003 -20"><span class='ocrx_word' id='word_1_122' title='bbox 203 1530 248 1570; x_wconf 85' lang='lat'>15</span> <span class='ocrx_word' id='word_1_123' title='bbox 265 1516 575 1576; x_wconf 82' lang='lat' dir='ltr'>propagetur.</span> <span class='ocrx_word' id='word_1_124' title='bbox 650 1512 776 1560; x_wconf 80' lang='lat' dir='ltr'>Cum</span> <span class='ocrx_word' id='word_1_125' title='bbox 801 1530 915 1575; x_wconf 83' lang='lat' dir='ltr'>ergo</span> <span class='ocrx_word' id='word_1_126' title='bbox 948 1513 1059 1560; x_wconf 87' lang='lat' dir='ltr'>finis</span> <span class='ocrx_word' id='word_1_127' title='bbox 1083 1518 1133 1561; x_wconf 93' lang='lat' dir='ltr'>et</span> <span class='ocrx_word' id='word_1_128' title='bbox 1165 1513 1301 1564; x_wconf 88' lang='lat' dir='ltr'>limes</span> <span class='ocrx_word' id='word_1_129' title='bbox 1337 1513 1540 1571; x_wconf 89' lang='lat' dir='ltr'>medius,</span> <span class='ocrx_word' id='word_1_130' title='bbox 1568 1513 1652 1576; x_wconf 91' lang='lat' dir='ltr'>qui</span> <span class='ocrx_word' id='word_1_131' title='bbox 1686 1514 1939 1572; x_wconf 86' lang='lat' dir='ltr'>interhiat,</span> 
     </span>
     <span class='ocr_line' id='line_1_17' title="bbox 266 1594 1939 1658; baseline 0.001 -15"><span class='ocrx_word' id='word_1_132' title='bbox 266 1594 490 1653; x_wconf 89' lang='lat' dir='ltr'>adfuerit,</span> <span class='ocrx_word' id='word_1_133' title='bbox 526 1599 583 1642; x_wconf 91' lang='lat' dir='ltr'>ut</span> <span class='ocrx_word' id='word_1_134' title='bbox 621 1595 770 1642; x_wconf 79' lang='lat' dir='ltr'>etiam</span> <span class='ocrx_word' id='word_1_135' title='bbox 805 1596 976 1643; x_wconf 88' lang='lat' dir='ltr'>mundi</span> <span class='ocrx_word' id='word_1_136' title='bbox 1013 1595 1169 1658; x_wconf 86' lang='lat' dir='ltr'>ipsius</span> <span class='ocrx_word' id='word_1_137' title='bbox 1207 1595 1387 1658; x_wconf 89' lang='lat' dir='ltr'>species</span> <span class='ocrx_word' id='word_1_138' title='bbox 1424 1597 1752 1643; x_wconf 82' lang='lat' dir='ltr'>transferatur</span> <span class='ocrx_word' id='word_1_139' title='bbox 1787 1613 1939 1658; x_wconf 81' lang='lat' dir='ltr'>aeque</span> 
     </span>
     <span class='ocr_line' id='line_1_18' title="bbox 266 1677 1940 1742; baseline 0 -16"><span class='ocrx_word' id='word_1_140' title='bbox 266 1678 567 1741; x_wconf 89' lang='lat' dir='ltr'>temporalis,</span> <span class='ocrx_word' id='word_1_141' title='bbox 619 1696 740 1741; x_wconf 86' lang='lat' dir='ltr'>quae</span> <span class='ocrx_word' id='word_1_142' title='bbox 788 1678 864 1726; x_wconf 91' lang='lat' dir='ltr'>illi</span> <span class='ocrx_word' id='word_1_143' title='bbox 912 1677 1222 1742; x_wconf 87' lang='lat' dir='ltr'>dispositioni</span> <span class='ocrx_word' id='word_1_144' title='bbox 1268 1677 1572 1726; x_wconf 89' lang='lat' dir='ltr'>aeternitatis</span> <span class='ocrx_word' id='word_1_145' title='bbox 1631 1678 1789 1726; x_wconf 88' lang='lat' dir='ltr'>aulaei</span> <span class='ocrx_word' id='word_1_146' title='bbox 1834 1678 1940 1727; x_wconf 84' lang='lat' dir='ltr'>vice</span> 
     </span>
     <span class='ocr_line' id='line_1_19' title="bbox 268 1760 1943 1824; baseline -0.001 -16"><span class='ocrx_word' id='word_1_147' title='bbox 268 1778 485 1824; x_wconf 88' lang='lat' dir='ltr'>oppansa</span> <span class='ocrx_word' id='word_1_148' title='bbox 528 1765 630 1820; x_wconf 83' lang='lat' dir='ltr'>est3</span> <span class='ocrx_word' id='word_1_149' title='bbox 685 1768 798 1809; x_wconf 90' lang='lat' dir='ltr'>tunc</span> <span class='ocrx_word' id='word_1_150' title='bbox 845 1761 1138 1810; x_wconf 89' lang='lat' dir='ltr'>restituetur</span> <span class='ocrx_word' id='word_1_151' title='bbox 1181 1778 1317 1808; x_wconf 89' lang='lat' dir='ltr'>omne</span> <span class='ocrx_word' id='word_1_152' title='bbox 1360 1761 1628 1809; x_wconf 90' lang='lat' dir='ltr'>humanum</span> <span class='ocrx_word' id='word_1_153' title='bbox 1670 1777 1838 1823; x_wconf 82' lang='lat' dir='ltr'>genus,</span> <span class='ocrx_word' id='word_1_154' title='bbox 1879 1760 1943 1808; x_wconf 88' lang='lat' dir='ltr'>ad</span> 
     </span>
     <span class='ocr_line' id='line_1_20' title="bbox 269 1843 1944 1907; baseline 0.001 -17"><span class='ocrx_word' id='word_1_155' title='bbox 269 1844 647 1907; x_wconf 83' lang='lat' dir='ltr'>expungendum</span> <span class='ocrx_word' id='word_1_156' title='bbox 686 1844 815 1906; x_wconf 84' lang='lat' dir='ltr'>quod</span> <span class='ocrx_word' id='word_1_157' title='bbox 853 1844 905 1891; x_wconf 92' lang='lat' dir='ltr'>in</span> <span class='ocrx_word' id='word_1_158' title='bbox 943 1844 1037 1891; x_wconf 87' lang='lat' dir='ltr'>isto</span> <span class='ocrx_word' id='word_1_159' title='bbox 1077 1860 1193 1892; x_wconf 85' lang='lat' dir='ltr'>aevo</span> <span class='ocrx_word' id='word_1_160' title='bbox 1230 1843 1344 1891; x_wconf 89' lang='lat' dir='ltr'>boni</span> <span class='ocrx_word' id='word_1_161' title='bbox 1383 1860 1468 1891; x_wconf 89' lang='lat' dir='ltr'>seu</span> <span class='ocrx_word' id='word_1_162' title='bbox 1506 1843 1622 1891; x_wconf 90' lang='lat' dir='ltr'>mali</span> <span class='ocrx_word' id='word_1_163' title='bbox 1662 1843 1855 1901; x_wconf 89' lang='lat' dir='ltr'>meruit,</span> <span class='ocrx_word' id='word_1_164' title='bbox 1893 1848 1944 1891; x_wconf 86' lang='lat' dir='ltr'>et</span> 
     </span>
    </p>
   </div>
   <div class='ocr_carea' id='block_1_3' title="bbox 272 1939 1946 3175">
    <p class='ocr_par' dir='ltr' id='par_1_3' title="bbox 272 1939 1944 2303">
     <span class='ocr_line' id='line_1_21' title="bbox 326 1939 1943 1990; baseline 0.001 -12"><span class='ocrx_word' id='word_1_165' title='bbox 326 1951 364 1989; x_wconf 93' lang='lat'>4.</span> <span class='ocrx_word' id='word_1_166' title='bbox 396 1942 537 1986; x_wconf 84' lang='lat' dir='ltr'>Ergo,</span> <span class='ocrx_word' id='word_1_167' title='bbox 557 1941 773 1988; x_wconf 87' lang='lat' dir='ltr'>inquitis,</span> <span class='ocrx_word' id='word_1_168' title='bbox 799 1951 983 1985; x_wconf 85' lang='lat' dir='ltr'>semper</span> <span class='ocrx_word' id='word_1_169' title='bbox 1001 1941 1302 1978; x_wconf 85' lang='lat' dir='ltr'>moriendum</span> <span class='ocrx_word' id='word_1_170' title='bbox 1323 1940 1428 1978; x_wconf 85' lang='lat' dir='ltr'>erit.</span> <span class='ocrx_word' id='word_1_171' title='bbox 1487 1939 1609 1990; x_wconf 57' lang='lat' dir='ltr'>Ergo</span> <span class='ocrx_word' id='word_1_172' title='bbox 1637 1939 1753 1979; x_wconf 82' lang='lat' dir='ltr'>looks</span> <span class='ocrx_word' id='word_1_173' title='bbox 1772 1939 1879 1979; x_wconf 89' lang='lat' dir='ltr'>back</span> <span class='ocrx_word' id='word_1_174' title='bbox 1898 1946 1943 1978; x_wconf 74' lang='lat' dir='ltr'>to</span> 
     </span>
     <span class='ocr_line' id='line_1_22' title="bbox 272 2000 1940 2054; baseline 0.001 -15"><span class='ocrx_word' id='word_1_175' title='bbox 272 2000 346 2039; x_wconf 86' lang='lat' dir='ltr'>the</span> <span class='ocrx_word' id='word_1_176' title='bbox 367 2001 577 2051; x_wconf 84' lang='lat' dir='ltr'>analogies</span> <span class='ocrx_word' id='word_1_177' title='bbox 599 2001 789 2040; x_wconf 86' lang='lat' dir='ltr'>adduced</span> <span class='ocrx_word' id='word_1_178' title='bbox 818 2002 925 2039; x_wconf 88' lang='lat' dir='ltr'>from</span> <span class='ocrx_word' id='word_1_179' title='bbox 955 2001 1124 2040; x_wconf 87' lang='lat' dir='ltr'>Nature</span> <span class='ocrx_word' id='word_1_180' title='bbox 1150 2001 1196 2040; x_wconf 86' lang='lat' dir='ltr'>in</span> <span class='ocrx_word' id='word_1_181' title='bbox 1224 2001 1298 2041; x_wconf 89' lang='lat' dir='ltr'>the</span> <span class='ocrx_word' id='word_1_182' title='bbox 1325 2014 1500 2053; x_wconf 76' lang='lat' dir='ltr'>passage</span> <span class='ocrx_word' id='word_1_183' title='bbox 1529 2003 1661 2041; x_wconf 83' lang='lat' dir='ltr'>above</span> <span class='ocrx_word' id='word_1_184' title='bbox 1691 2005 1702 2024; x_wconf 77' lang='lat'><strong><em>⁶</em></strong></span> <span class='ocrx_word' id='word_1_185' title='bbox 1717 2002 1811 2041; x_wconf 85' lang='lat' dir='ltr'>Lux</span> <span class='ocrx_word' id='word_1_186' title='bbox 1840 2015 1940 2054; x_wconf 86' lang='lat' dir='ltr'>quo·</span> 
     </span>
     <span class='ocr_line' id='line_1_23' title="bbox 272 2060 1944 2115; baseline 0.001 -15"><span class='ocrx_word' id='word_1_187' title='bbox 272 2060 404 2111; x_wconf 88' lang='lat' dir='ltr'>tidie,’</span> <span class='ocrx_word' id='word_1_188' title='bbox 426 2066 499 2101; x_wconf 71' lang='lat' dir='ltr'>ete.</span> <span class='ocrx_word' id='word_1_189' title='bbox 558 2063 676 2115; x_wconf 87' lang='lat' dir='ltr'>They</span> <span class='ocrx_word' id='word_1_190' title='bbox 695 2063 840 2115; x_wconf 85' lang='lat' dir='ltr'>imply,</span> <span class='ocrx_word' id='word_1_191' title='bbox 862 2064 896 2102; x_wconf 89' lang='lat' dir='ltr'>it</span> <span class='ocrx_word' id='word_1_192' title='bbox 917 2063 952 2101; x_wconf 85' lang='lat' dir='ltr'>is</span> <span class='ocrx_word' id='word_1_193' title='bbox 975 2063 1079 2112; x_wconf 83' lang='lat' dir='ltr'>said,</span> <span class='ocrx_word' id='word_1_194' title='bbox 1102 2077 1126 2102; x_wconf 89' lang='lat' dir='ltr'>a</span> <span class='ocrx_word' id='word_1_195' title='bbox 1144 2076 1387 2102; x_wconf 89' lang='lat' dir='ltr'>recurrence</span> <span class='ocrx_word' id='word_1_196' title='bbox 1407 2063 1453 2101; x_wconf 88' lang='lat' dir='ltr'>of</span> <span class='ocrx_word' id='word_1_197' title='bbox 1469 2063 1616 2102; x_wconf 86' lang='lat' dir='ltr'>deaths</span> <span class='ocrx_word' id='word_1_198' title='bbox 1637 2063 1722 2102; x_wconf 91' lang='lat' dir='ltr'>and</span> <span class='ocrx_word' id='word_1_199' title='bbox 1737 2077 1944 2103; x_wconf 88' lang='lat' dir='ltr'>resurrec-</span> 
     </span>
     <span class='ocr_line' id='line_1_24' title="bbox 273 2125 1943 2178; baseline 0.001 -14"><span class='ocrx_word' id='word_1_200' title='bbox 273 2125 396 2164; x_wconf 87' lang='lat' dir='ltr'>tions.</span> <span class='ocrx_word' id='word_1_201' title='bbox 454 2126 691 2164; x_wconf 88' lang='lat' dir='ltr'>Tertullian</span> <span class='ocrx_word' id='word_1_202' title='bbox 721 2127 870 2177; x_wconf 83' lang='lat' dir='ltr'>tacitly</span> <span class='ocrx_word' id='word_1_203' title='bbox 900 2126 1068 2175; x_wconf 84' lang='lat' dir='ltr'>admits,</span> <span class='ocrx_word' id='word_1_204' title='bbox 1096 2126 1175 2165; x_wconf 90' lang='lat' dir='ltr'>but</span> <span class='ocrx_word' id='word_1_205' title='bbox 1198 2139 1338 2177; x_wconf 76' lang='lat' dir='ltr'>pasees</span> <span class='ocrx_word' id='word_1_206' title='bbox 1364 2127 1422 2178; x_wconf 88' lang='lat' dir='ltr'>by</span> <span class='ocrx_word' id='word_1_207' title='bbox 1449 2126 1521 2165; x_wconf 87' lang='lat' dir='ltr'>the</span> <span class='ocrx_word' id='word_1_208' title='bbox 1547 2127 1752 2178; x_wconf 86' lang='lat' dir='ltr'>objection</span> <span class='ocrx_word' id='word_1_209' title='bbox 1774 2140 1783 2175; x_wconf 91' lang='lat'>;</span> <span class='ocrx_word' id='word_1_210' title='bbox 1823 2127 1943 2167; x_wconf 88' lang='lat' dir='ltr'>these</span> 
     </span>
     <span class='ocr_line' id='line_1_25' title="bbox 274 2185 1941 2240; baseline 0.002 -15"><span class='ocrx_word' id='word_1_211' title='bbox 274 2186 485 2237; x_wconf 87' lang='lat' dir='ltr'>analogies</span> <span class='ocrx_word' id='word_1_212' title='bbox 502 2185 575 2239; x_wconf 81' lang='lat' dir='ltr'>(he</span> <span class='ocrx_word' id='word_1_213' title='bbox 590 2187 728 2225; x_wconf 87' lang='lat' dir='ltr'>would</span> <span class='ocrx_word' id='word_1_214' title='bbox 747 2188 882 2238; x_wconf 86' lang='lat' dir='ltr'>reply)</span> <span class='ocrx_word' id='word_1_215' title='bbox 901 2201 972 2226; x_wconf 89' lang='lat' dir='ltr'>are</span> <span class='ocrx_word' id='word_1_216' title='bbox 991 2187 1282 2236; x_wconf 72' lang='lat' dir='ltr'>illustratione,</span> <span class='ocrx_word' id='word_1_217' title='bbox 1298 2190 1373 2226; x_wconf 88' lang='lat' dir='ltr'>not</span> <span class='ocrx_word' id='word_1_218' title='bbox 1393 2192 1647 2238; x_wconf 84' lang='lat' dir='ltr'>arguments.</span> <span class='ocrx_word' id='word_1_219' title='bbox 1706 2188 1784 2227; x_wconf 84' lang='lat' dir='ltr'>See</span> <span class='ocrx_word' id='word_1_220' title='bbox 1803 2188 1941 2240; x_wconf 87' lang='lat' dir='ltr'>Kaye‚</span> 
     </span>
     <span class='ocr_line' id='line_1_26' title="bbox 273 2251 430 2303; baseline 0 -14"><span class='ocrx_word' id='word_1_221' title='bbox 273 2265 312 2303; x_wconf 89' lang='lat' dir='ltr'>p.</span> <span class='ocrx_word' id='word_1_222' title='bbox 339 2263 357 2289; x_wconf 89' lang='lat'><strong>2</strong></span> <span class='ocrx_word' id='word_1_223' title='bbox 366 2251 430 2302; x_wconf 82' lang='lat'>58.</span> 
     </span>
    </p>

    <p class='ocr_par' dir='ltr' id='par_1_4' title="bbox 274 2311 1944 2621">
     <span class='ocr_line' id='line_1_27' title="bbox 330 2311 1942 2365; baseline 0.001 -13"><span class='ocrx_word' id='word_1_224' title='bbox 330 2312 367 2352; x_wconf 89' lang='lat'>6.</span> <span class='ocrx_word' id='word_1_225' title='bbox 399 2314 701 2361; x_wconf 83' lang='lat' dir='ltr'>conditionis,</span> <span class='ocrx_word' id='word_1_226' title='bbox 724 2311 979 2361; x_wconf 83' lang='lat' dir='ltr'>‘creation’3</span> <span class='ocrx_word' id='word_1_227' title='bbox 1009 2327 1053 2353; x_wconf 87' lang='lat' dir='ltr'>as</span> <span class='ocrx_word' id='word_1_228' title='bbox 1083 2313 1226 2361; x_wconf 86' lang='lat' dir='ltr'>above,</span> <span class='ocrx_word' id='word_1_229' title='bbox 1255 2313 1318 2352; x_wconf 88' lang='lat' dir='ltr'>ch.</span> <span class='ocrx_word' id='word_1_230' title='bbox 1343 2324 1392 2363; x_wconf 84' lang='lat'>19</span> <span class='ocrx_word' id='word_1_231' title='bbox 1421 2314 1538 2365; x_wconf 63' lang='lat' dir='ltr'>frag„</span> <span class='ocrx_word' id='word_1_232' title='bbox 1568 2316 1579 2336; x_wconf 92' lang='lat'>‘</span> <span class='ocrx_word' id='word_1_233' title='bbox 1596 2314 1743 2353; x_wconf 87' lang='lat' dir='ltr'>mundi</span> <span class='ocrx_word' id='word_1_234' title='bbox 1767 2314 1942 2354; x_wconf 90' lang='lat' dir='ltr'>conditi-</span> 
     </span>
     <span class='ocr_line' id='line_1_28' title="bbox 276 2375 1944 2426; baseline 0.001 -13"><span class='ocrx_word' id='word_1_235' title='bbox 276 2375 364 2413; x_wconf 87' lang='lat' dir='ltr'>onis</span> <span class='ocrx_word' id='word_1_236' title='bbox 379 2375 409 2423; x_wconf 91' lang='lat'>&#39;;</span> <span class='ocrx_word' id='word_1_237' title='bbox 429 2375 478 2414; x_wconf 82' lang='lat' dir='ltr'>de</span> <span class='ocrx_word' id='word_1_238' title='bbox 498 2377 624 2425; x_wconf 74' lang='lat' dir='ltr'>spect.</span> <span class='ocrx_word' id='word_1_239' title='bbox 650 2387 668 2412; x_wconf 91' lang='lat'><strong>2</strong></span> <span class='ocrx_word' id='word_1_240' title='bbox 688 2388 696 2422; x_wconf 91' lang='lat'>;</span> <span class='ocrx_word' id='word_1_241' title='bbox 727 2376 775 2414; x_wconf 79' lang='lat' dir='ltr'>de</span> <span class='ocrx_word' id='word_1_242' title='bbox 795 2375 894 2414; x_wconf 76' lang='lat' dir='ltr'>cult.</span> <span class='ocrx_word' id='word_1_243' title='bbox 903 2375 1011 2425; x_wconf 79' lang='lat' dir='ltr'>fem.</span> <span class='ocrx_word' id='word_1_244' title='bbox 1035 2377 1062 2415; x_wconf 88' lang='lat' dir='ltr'>i.</span> <span class='ocrx_word' id='word_1_245' title='bbox 1085 2376 1121 2415; x_wconf 88' lang='lat'>8.</span> <span class='ocrx_word' id='word_1_246' title='bbox 1180 2375 1282 2414; x_wconf 86' lang='lat' dir='ltr'>This</span> <span class='ocrx_word' id='word_1_247' title='bbox 1301 2389 1394 2414; x_wconf 87' lang='lat' dir='ltr'>rare</span> <span class='ocrx_word' id='word_1_248' title='bbox 1414 2376 1530 2414; x_wconf 88' lang='lat' dir='ltr'>word</span> <span class='ocrx_word' id='word_1_249' title='bbox 1552 2376 1760 2426; x_wconf 88' lang='lat' dir='ltr'>(confined</span> <span class='ocrx_word' id='word_1_250' title='bbox 1779 2380 1823 2415; x_wconf 85' lang='lat' dir='ltr'>to</span> <span class='ocrx_word' id='word_1_251' title='bbox 1843 2377 1944 2416; x_wconf 92' lang='grc'>6661.</span> 
     </span>
     <span class='ocr_line' id='line_1_29' title="bbox 274 2440 1944 2491; baseline 0.002 -13"><span class='ocrx_word' id='word_1_252' title='bbox 274 2440 418 2489; x_wconf 83' lang='lat' dir='ltr'>latin),</span> <span class='ocrx_word' id='word_1_253' title='bbox 439 2440 548 2478; x_wconf 84' lang='lat' dir='ltr'>from</span> <span class='ocrx_word' id='word_1_254' title='bbox 578 2441 724 2489; x_wconf 73' lang='lat' dir='ltr'>condo,</span> <span class='ocrx_word' id='word_1_255' title='bbox 744 2445 859 2479; x_wconf 84' lang='lat' dir='ltr'>must</span> <span class='ocrx_word' id='word_1_256' title='bbox 885 2441 938 2480; x_wconf 94' lang='lat' dir='ltr'>be</span> <span class='ocrx_word' id='word_1_257' title='bbox 968 2440 1279 2491; x_wconf 83' lang='lat' dir='ltr'>distinguished</span> <span class='ocrx_word' id='word_1_258' title='bbox 1298 2440 1403 2479; x_wconf 87' lang='lat' dir='ltr'>from</span> <span class='ocrx_word' id='word_1_259' title='bbox 1425 2442 1620 2491; x_wconf 77' lang='lat' dir='ltr'>condicio,</span> <span class='ocrx_word' id='word_1_260' title='bbox 1642 2441 1748 2480; x_wconf 86' lang='lat' dir='ltr'>from</span> <span class='ocrx_word' id='word_1_261' title='bbox 1776 2443 1944 2482; x_wconf 76' lang='lat' dir='ltr'>condico</span> 
     </span>
     <span class='ocr_line' id='line_1_30' title="bbox 277 2505 1943 2556; baseline 0.001 -13"><span class='ocrx_word' id='word_1_262' title='bbox 277 2505 466 2556; x_wconf 86' lang='lat' dir='ltr'>(whence</span> <span class='ocrx_word' id='word_1_263' title='bbox 479 2518 554 2543; x_wconf 90' lang='lat' dir='ltr'>our</span> <span class='ocrx_word' id='word_1_264' title='bbox 566 2505 743 2556; x_wconf 77' lang='lat' dir='ltr'>English</span> <span class='ocrx_word' id='word_1_265' title='bbox 758 2506 874 2544; x_wconf 90' lang='lat' dir='ltr'>word</span> <span class='ocrx_word' id='word_1_266' title='bbox 891 2508 901 2526; x_wconf 79' lang='lat'><em>‘</em></span> <span class='ocrx_word' id='word_1_267' title='bbox 912 2506 1125 2544; x_wconf 88' lang='lat' dir='ltr'>condition</span> <span class='ocrx_word' id='word_1_268' title='bbox 1136 2505 1188 2555; x_wconf 81' lang='lat'>’);</span> <span class='ocrx_word' id='word_1_269' title='bbox 1210 2518 1276 2543; x_wconf 90' lang='lat' dir='ltr'>see</span> <span class='ocrx_word' id='word_1_270' title='bbox 1288 2505 1421 2544; x_wconf 88' lang='lat' dir='ltr'>below</span> <span class='ocrx_word' id='word_1_271' title='bbox 1439 2507 1449 2525; x_wconf 91' lang='lat'>‘</span> <span class='ocrx_word' id='word_1_272' title='bbox 1463 2505 1666 2545; x_wconf 85' lang='lat' dir='ltr'>distincta</span> <span class='ocrx_word' id='word_1_273' title='bbox 1682 2505 1922 2546; x_wconf 87' lang='lat' dir='ltr'>condicione</span> <span class='ocrx_word' id='word_1_274' title='bbox 1934 2506 1943 2523; x_wconf 90' lang='lat'>&#39;</span> 
     </span>
     <span class='ocr_line' id='line_1_31' title="bbox 278 2569 1887 2621; baseline 0.002 -14"><span class='ocrx_word' id='word_1_275' title='bbox 278 2569 361 2608; x_wconf 89' lang='lat' dir='ltr'>and</span> <span class='ocrx_word' id='word_1_276' title='bbox 369 2570 490 2621; x_wconf 77' lang='lat' dir='ltr'>freq.</span> <span class='ocrx_word' id='word_1_277' title='bbox 549 2569 593 2608; x_wconf 86' lang='lat' dir='ltr'>It</span> <span class='ocrx_word' id='word_1_278' title='bbox 613 2571 648 2608; x_wconf 88' lang='lat' dir='ltr'>is</span> <span class='ocrx_word' id='word_1_279' title='bbox 668 2571 748 2609; x_wconf 84' lang='lat' dir='ltr'>less</span> <span class='ocrx_word' id='word_1_280' title='bbox 767 2571 898 2621; x_wconf 86' lang='lat' dir='ltr'>likely</span> <span class='ocrx_word' id='word_1_281' title='bbox 917 2574 962 2609; x_wconf 89' lang='lat' dir='ltr'>to</span> <span class='ocrx_word' id='word_1_282' title='bbox 981 2571 1031 2609; x_wconf 94' lang='lat' dir='ltr'>be</span> <span class='ocrx_word' id='word_1_283' title='bbox 1051 2570 1251 2609; x_wconf 84' lang='lat' dir='ltr'>confused</span> <span class='ocrx_word' id='word_1_284' title='bbox 1272 2570 1376 2608; x_wconf 87' lang='lat' dir='ltr'>With</span> <span class='ocrx_word' id='word_1_285' title='bbox 1396 2571 1581 2610; x_wconf 65' lang='lat' dir='ltr'>conditio</span> <span class='ocrx_word' id='word_1_286' title='bbox 1600 2570 1706 2609; x_wconf 89' lang='lat' dir='ltr'>from</span> <span class='ocrx_word' id='word_1_287' title='bbox 1733 2572 1887 2610; x_wconf 79' lang='lat' dir='ltr'>condio.</span> 
     </span>
    </p>

    <p class='ocr_par' dir='ltr' id='par_1_5' title="bbox 279 2631 1946 2744">
     <span class='ocr_line' id='line_1_32' title="bbox 334 2631 1946 2684; baseline 0.002 -15"><span class='ocrx_word' id='word_1_288' title='bbox 334 2643 373 2682; x_wconf 91' lang='lat'>9.</span> <span class='ocrx_word' id='word_1_289' title='bbox 404 2644 461 2670; x_wconf 88' lang='lat' dir='ltr'>ex</span> <span class='ocrx_word' id='word_1_290' title='bbox 481 2634 900 2677; x_wconf 85' lang='lat' dir='ltr'>comprehensibili</span> <span class='ocrx_word' id='word_1_291' title='bbox 919 2646 927 2670; x_wconf 71' lang='grc' dir='ltr'>ε</span> <span class='ocrx_word' id='word_1_292' title='bbox 959 2632 1003 2671; x_wconf 86' lang='lat' dir='ltr'>of</span> <span class='ocrx_word' id='word_1_293' title='bbox 1017 2632 1173 2680; x_wconf 89' lang='lat' dir='ltr'>literal,</span> <span class='ocrx_word' id='word_1_294' title='bbox 1191 2635 1266 2670; x_wconf 92' lang='lat' dir='ltr'>not</span> <span class='ocrx_word' id='word_1_295' title='bbox 1286 2631 1565 2680; x_wconf 87' lang='lat' dir='ltr'>intellectual‚</span> <span class='ocrx_word' id='word_1_296' title='bbox 1582 2633 1946 2684; x_wconf 86' lang='lat' dir='ltr'>comprehension;</span> 
     </span>
     <span class='ocr_line' id='line_1_33' title="bbox 279 2693 653 2744; baseline -0.003 -12"><span class='ocrx_word' id='word_1_297' title='bbox 279 2706 345 2732; x_wconf 84' lang='lat' dir='ltr'>see</span> <span class='ocrx_word' id='word_1_298' title='bbox 366 2696 477 2740; x_wconf 89' lang='lat' dir='ltr'>note,</span> <span class='ocrx_word' id='word_1_299' title='bbox 500 2693 563 2733; x_wconf 90' lang='lat' dir='ltr'>ch.</span> <span class='ocrx_word' id='word_1_300' title='bbox 591 2701 653 2744; x_wconf 85' lang='lat'>17.</span> 
     </span>
    </p>

    <p class='ocr_par' dir='ltr' id='par_1_6' title="bbox 279 2752 1944 2866">
     <span class='ocr_line' id='line_1_34' title="bbox 338 2752 1944 2807; baseline 0.002 -16"><span class='ocrx_word' id='word_1_301' title='bbox 338 2765 353 2791; x_wconf 95' lang='lat'>1</span> <span class='ocrx_word' id='word_1_302' title='bbox 366 2765 399 2792; x_wconf 92' lang='lat'>1.</span> <span class='ocrx_word' id='word_1_303' title='bbox 431 2766 614 2803; x_wconf 87' lang='lat' dir='ltr'>aevum,</span> <span class='ocrx_word' id='word_1_304' title='bbox 640 2757 650 2775; x_wconf 90' lang='lat'><em>‘</em></span> <span class='ocrx_word' id='word_1_305' title='bbox 663 2752 797 2802; x_wconf 86' lang='lat' dir='ltr'>ti1ne,&#39;</span> <span class='ocrx_word' id='word_1_306' title='bbox 815 2768 859 2793; x_wconf 89' lang='lat' dir='ltr'>or</span> <span class='ocrx_word' id='word_1_307' title='bbox 879 2754 1033 2802; x_wconf 87' lang='lat' dir='ltr'>rather,</span> <span class='ocrx_word' id='word_1_308' title='bbox 1060 2754 1158 2793; x_wconf 89' lang='lat' dir='ltr'>‘the</span> <span class='ocrx_word' id='word_1_309' title='bbox 1178 2753 1311 2793; x_wconf 85' lang='lat' dir='ltr'>whole</span> <span class='ocrx_word' id='word_1_310' title='bbox 1339 2767 1482 2794; x_wconf 88' lang='lat' dir='ltr'>course</span> <span class='ocrx_word' id='word_1_311' title='bbox 1502 2754 1547 2793; x_wconf 90' lang='lat' dir='ltr'>of</span> <span class='ocrx_word' id='word_1_312' title='bbox 1560 2753 1715 2807; x_wconf 86' lang='lat' dir='ltr'>being,&#39;</span> <span class='ocrx_word' id='word_1_313' title='bbox 1735 2756 1853 2803; x_wconf 59' lang='grc' dir='ltr'><strong><em>ὐἱέας</em></strong></span> <span class='ocrx_word' id='word_1_314' title='bbox 1881 2755 1944 2794; x_wconf 91' lang='lat' dir='ltr'>in-</span> 
     </span>
     <span class='ocr_line' id='line_1_35' title="bbox 279 2815 1399 2866; baseline 0.001 -13"><span class='ocrx_word' id='word_1_315' title='bbox 279 2815 450 2866; x_wconf 83' lang='lat' dir='ltr'>cluding</span> <span class='ocrx_word' id='word_1_316' title='bbox 472 2815 558 2854; x_wconf 81' lang='lat' dir='ltr'>this</span> <span class='ocrx_word' id='word_1_317' title='bbox 577 2815 651 2855; x_wconf 82' lang='lat' dir='ltr'>life</span> <span class='ocrx_word' id='word_1_318' title='bbox 671 2816 754 2854; x_wconf 86' lang='lat' dir='ltr'>and</span> <span class='ocrx_word' id='word_1_319' title='bbox 774 2816 846 2855; x_wconf 89' lang='lat' dir='ltr'>the</span> <span class='ocrx_word' id='word_1_320' title='bbox 865 2821 968 2856; x_wconf 84' lang='lat' dir='ltr'>next</span> <span class='ocrx_word' id='word_1_321' title='bbox 984 2830 993 2864; x_wconf 91' lang='lat'>;</span> <span class='ocrx_word' id='word_1_322' title='bbox 1025 2830 1092 2855; x_wconf 85' lang='lat' dir='ltr'>see</span> <span class='ocrx_word' id='word_1_323' title='bbox 1112 2820 1225 2865; x_wconf 90' lang='lat' dir='ltr'>note,</span> <span class='ocrx_word' id='word_1_324' title='bbox 1246 2816 1309 2855; x_wconf 90' lang='lat' dir='ltr'>ch.</span> <span class='ocrx_word' id='word_1_325' title='bbox 1337 2817 1399 2854; x_wconf 86' lang='lat'>18.</span> 
     </span>
    </p>

    <p class='ocr_par' dir='ltr' id='par_1_7' title="bbox 280 2877 1946 3175">
     <span class='ocr_line' id='line_1_36' title="bbox 338 2877 1946 2930; baseline 0.002 -17"><span class='ocrx_word' id='word_1_326' title='bbox 338 2887 353 2913; x_wconf 92' lang='lat'>1</span> <span class='ocrx_word' id='word_1_327' title='bbox 363 2887 400 2924; x_wconf 84' lang='lat'>5.</span> <span class='ocrx_word' id='word_1_328' title='bbox 421 2879 528 2914; x_wconf 85' lang='lat' dir='ltr'>finis</span> <span class='ocrx_word' id='word_1_329' title='bbox 543 2882 589 2916; x_wconf 83' lang='lat' dir='ltr'>et</span> <span class='ocrx_word' id='word_1_330' title='bbox 603 2880 734 2917; x_wconf 87' lang='lat' dir='ltr'>limes</span> <span class='ocrx_word' id='word_1_331' title='bbox 749 2881 941 2923; x_wconf 88' lang='lat' dir='ltr'>medius,</span> <span class='ocrx_word' id='word_1_332' title='bbox 958 2881 1040 2924; x_wconf 87' lang='lat' dir='ltr'>qui</span> <span class='ocrx_word' id='word_1_333' title='bbox 1055 2880 1298 2927; x_wconf 85' lang='lat' dir='ltr'>interhiat,</span> <span class='ocrx_word' id='word_1_334' title='bbox 1316 2881 1327 2900; x_wconf 85' lang='lat'>‘</span> <span class='ocrx_word' id='word_1_335' title='bbox 1343 2878 1415 2917; x_wconf 86' lang='lat' dir='ltr'>the</span> <span class='ocrx_word' id='word_1_336' title='bbox 1429 2878 1510 2917; x_wconf 88' lang='lat' dir='ltr'>end</span> <span class='ocrx_word' id='word_1_337' title='bbox 1525 2878 1609 2917; x_wconf 90' lang='lat' dir='ltr'>and</span> <span class='ocrx_word' id='word_1_338' title='bbox 1621 2877 1946 2930; x_wconf 82' lang='lat' dir='ltr'>mid-boundary</span> 
     </span>
     <span class='ocr_line' id='line_1_37' title="bbox 281 2937 1942 2989; baseline 0 -13"><span class='ocrx_word' id='word_1_339' title='bbox 281 2937 418 2976; x_wconf 90' lang='lat' dir='ltr'>which</span> <span class='ocrx_word' id='word_1_340' title='bbox 452 2951 595 2988; x_wconf 84' lang='lat' dir='ltr'>yawns</span> <span class='ocrx_word' id='word_1_341' title='bbox 625 2937 865 2986; x_wconf 87' lang='lat' dir='ltr'>between&#39;;</span> <span class='ocrx_word' id='word_1_342' title='bbox 894 2940 923 2978; x_wconf 73' lang='lat' dir='ltr'>i.</span> <span class='ocrx_word' id='word_1_343' title='bbox 940 2953 969 2978; x_wconf 82' lang='lat' dir='ltr'>e.</span> <span class='ocrx_word' id='word_1_344' title='bbox 1006 2939 1198 2983; x_wconf 58' lang='lat' dir='ltr'>between</span> <span class='ocrx_word' id='word_1_345' title='bbox 1231 2938 1305 2977; x_wconf 90' lang='lat' dir='ltr'>the</span> <span class='ocrx_word' id='word_1_346' title='bbox 1330 2939 1474 2989; x_wconf 76' lang='lat' dir='ltr'>prima</span> <span class='ocrx_word' id='word_1_347' title='bbox 1497 2951 1604 2988; x_wconf 76' lang='lat' dir='ltr'>pars</span> <span class='ocrx_word' id='word_1_348' title='bbox 1632 2941 1727 2978; x_wconf 75' lang='lat' dir='ltr'>aevi</span> <span class='ocrx_word' id='word_1_349' title='bbox 1755 2939 1839 2978; x_wconf 89' lang='lat' dir='ltr'>and</span> <span class='ocrx_word' id='word_1_350' title='bbox 1867 2938 1942 2978; x_wconf 84' lang='lat' dir='ltr'>the</span> 
     </span>
     <span class='ocr_line' id='line_1_38' title="bbox 280 3000 1945 3051; baseline 0.001 -14"><span class='ocrx_word' id='word_1_351' title='bbox 280 3012 455 3049; x_wconf 78' lang='lat' dir='ltr'>sequens</span> <span class='ocrx_word' id='word_1_352' title='bbox 469 3013 573 3049; x_wconf 68' lang='lat' dir='ltr'>pars</span> <span class='ocrx_word' id='word_1_353' title='bbox 595 3002 699 3038; x_wconf 80' lang='lat' dir='ltr'>aevi.</span> <span class='ocrx_word' id='word_1_354' title='bbox 758 3001 780 3038; x_wconf 96' lang='lat' dir='ltr'>I</span> <span class='ocrx_word' id='word_1_355' title='bbox 802 3001 854 3039; x_wconf 90' lang='lat' dir='ltr'>do</span> <span class='ocrx_word' id='word_1_356' title='bbox 882 3004 957 3039; x_wconf 87' lang='lat' dir='ltr'>not</span> <span class='ocrx_word' id='word_1_357' title='bbox 987 3000 1246 3039; x_wconf 83' lang='lat' dir='ltr'>understand</span> <span class='ocrx_word' id='word_1_358' title='bbox 1277 3000 1396 3038; x_wconf 71' lang='lat' dir='ltr'>limes</span> <span class='ocrx_word' id='word_1_359' title='bbox 1414 3000 1577 3039; x_wconf 76' lang='lat' dir='ltr'>medius</span> <span class='ocrx_word' id='word_1_360' title='bbox 1605 3004 1650 3040; x_wconf 87' lang='lat' dir='ltr'>to</span> <span class='ocrx_word' id='word_1_361' title='bbox 1669 3001 1841 3040; x_wconf 86' lang='lat' dir='ltr'>contain</span> <span class='ocrx_word' id='word_1_362' title='bbox 1860 3013 1945 3051; x_wconf 85' lang='lat' dir='ltr'>any</span> 
     </span>
     <span class='ocr_line' id='line_1_39' title="bbox 281 3060 1944 3113; baseline 0.001 -15"><span class='ocrx_word' id='word_1_363' title='bbox 281 3060 491 3098; x_wconf 87' lang='lat' dir='ltr'>reference</span> <span class='ocrx_word' id='word_1_364' title='bbox 522 3065 564 3099; x_wconf 89' lang='lat' dir='ltr'>to</span> <span class='ocrx_word' id='word_1_365' title='bbox 595 3060 864 3101; x_wconf 85' lang='lat' dir='ltr'>Tertullian’s</span> <span class='ocrx_word' id='word_1_366' title='bbox 889 3062 1096 3101; x_wconf 86' lang='lat' dir='ltr'>chiliastic</span> <span class='ocrx_word' id='word_1_367' title='bbox 1118 3063 1332 3113; x_wconf 80' lang='lat' dir='ltr'>opinions3</span> <span class='ocrx_word' id='word_1_368' title='bbox 1361 3063 1439 3101; x_wconf 88' lang='lat' dir='ltr'>but</span> <span class='ocrx_word' id='word_1_369' title='bbox 1460 3075 1527 3101; x_wconf 84' lang='lat' dir='ltr'>see</span> <span class='ocrx_word' id='word_1_370' title='bbox 1547 3066 1658 3111; x_wconf 84' lang='lat' dir='ltr'>note,</span> <span class='ocrx_word' id='word_1_371' title='bbox 1680 3062 1769 3100; x_wconf 75' lang='lat' dir='ltr'>Lib.</span> <span class='ocrx_word' id='word_1_372' title='bbox 1791 3061 1915 3100; x_wconf 59' lang='lat' dir='ltr'>Fati».</span> <span class='ocrx_word' id='word_1_373' title='bbox 1934 3074 1944 3109; x_wconf 89' lang='lat'>;</span> 
     </span>
     <span class='ocr_line' id='line_1_40' title="bbox 282 3122 1588 3175; baseline 0.002 -16"><span class='ocrx_word' id='word_1_374' title='bbox 282 3135 413 3172; x_wconf 87' lang='lat' dir='ltr'>comp.</span> <span class='ocrx_word' id='word_1_375' title='bbox 435 3122 590 3161; x_wconf 79' lang='lat' dir='ltr'>Lucan.</span> <span class='ocrx_word' id='word_1_376' title='bbox 613 3123 639 3160; x_wconf 87' lang='lat' dir='ltr'>i.</span> <span class='ocrx_word' id='word_1_377' title='bbox 662 3131 755 3173; x_wconf 75' lang='lat'>457,</span> <span class='ocrx_word' id='word_1_378' title='bbox 779 3124 953 3175; x_wconf 83' lang='lat' dir='ltr'>‘longae</span> <span class='ocrx_word' id='word_1_379' title='bbox 974 3154 982 3162; x_wconf 89' lang='lat'><strong>.</strong></span> <span class='ocrx_word' id='word_1_380' title='bbox 1007 3154 1016 3163; x_wconf 93' lang='lat'><strong>.</strong></span> <span class='ocrx_word' id='word_1_381' title='bbox 1040 3155 1047 3163; x_wconf 91' lang='lat'><strong>.</strong></span> <span class='ocrx_word' id='word_1_382' title='bbox 1071 3125 1183 3163; x_wconf 91' lang='lat' dir='ltr'>vitae</span> <span class='ocrx_word' id='word_1_383' title='bbox 1205 3124 1321 3162; x_wconf 85' lang='lat' dir='ltr'>Mors</span> <span class='ocrx_word' id='word_1_384' title='bbox 1342 3122 1480 3162; x_wconf 89' lang='lat' dir='ltr'>media</span> <span class='ocrx_word' id='word_1_385' title='bbox 1500 3122 1588 3162; x_wconf 86' lang='lat' dir='ltr'>est.’</span> 
     </span>
    </p>
   </div>
   <div class='ocr_carea' id='block_1_4' title="bbox 282 3182 1944 3296">
    <p class='ocr_par' dir='ltr' id='par_1_8' title="bbox 282 3182 1944 3296">
     <span class='ocr_line' id='line_1_41' title="bbox 340 3182 1944 3235; baseline 0.001 -15"><span class='ocrx_word' id='word_1_386' title='bbox 340 3182 401 3221; x_wconf 92' lang='lat'>16.</span> <span class='ocrx_word' id='word_1_387' title='bbox 432 3186 597 3221; x_wconf 85' lang='lat' dir='ltr'>mundi</span> <span class='ocrx_word' id='word_1_388' title='bbox 619 3186 769 3229; x_wconf 83' lang='lat' dir='ltr'>ipsius</span> <span class='ocrx_word' id='word_1_389' title='bbox 790 3188 968 3230; x_wconf 86' lang='lat' dir='ltr'>species</span> <span class='ocrx_word' id='word_1_390' title='bbox 989 3188 1326 3225; x_wconf 81' lang='lat' dir='ltr'>transferatur:</span> <span class='ocrx_word' id='word_1_391' title='bbox 1362 3197 1378 3224; x_wconf 93' lang='lat'>1</span> <span class='ocrx_word' id='word_1_392' title='bbox 1404 3185 1496 3224; x_wconf 86' lang='lat' dir='ltr'>Cor.</span> <span class='ocrx_word' id='word_1_393' title='bbox 1517 3185 1587 3224; x_wconf 87' lang='lat' dir='ltr'>vii.</span> <span class='ocrx_word' id='word_1_394' title='bbox 1612 3194 1658 3235; x_wconf 81' lang='lat'>31</span> <span class='ocrx_word' id='word_1_395' title='bbox 1677 3196 1687 3232; x_wconf 89' lang='lat'>;</span> <span class='ocrx_word' id='word_1_396' title='bbox 1722 3195 1739 3222; x_wconf 93' lang='lat'>1</span> <span class='ocrx_word' id='word_1_397' title='bbox 1764 3183 1804 3223; x_wconf 87' lang='lat' dir='ltr'>S.</span> <span class='ocrx_word' id='word_1_398' title='bbox 1827 3183 1944 3225; x_wconf 85' lang='lat' dir='ltr'>John</span> 
     </span>
     <span class='ocr_line' id='line_1_42' title="bbox 282 3245 870 3296; baseline 0.007 -14"><span class='ocrx_word' id='word_1_399' title='bbox 282 3245 323 3283; x_wconf 91' lang='lat' dir='ltr'>ii.</span> <span class='ocrx_word' id='word_1_400' title='bbox 349 3252 397 3296; x_wconf 84' lang='lat'>17</span> <span class='ocrx_word' id='word_1_401' title='bbox 418 3257 427 3293; x_wconf 93' lang='lat'>;</span> <span class='ocrx_word' id='word_1_402' title='bbox 456 3245 497 3283; x_wconf 82' lang='lat' dir='ltr'>S.</span> <span class='ocrx_word' id='word_1_403' title='bbox 520 3245 649 3284; x_wconf 85' lang='lat' dir='ltr'>Matt.</span> <span class='ocrx_word' id='word_1_404' title='bbox 671 3246 782 3284; x_wconf 81' lang='lat' dir='ltr'>xxiv.</span> <span class='ocrx_word' id='word_1_405' title='bbox 807 3257 870 3296; x_wconf 83' lang='lat'>35.</span> 
     </span>
    </p>
   </div>
  </div>
 </body>
</html>
