<?xml version="1.0" encoding="UTF-8"?>
<!DOCTYPE html PUBLIC "-//W3C//DTD XHTML 1.0 Transitional//EN"
    "http://www.w3.org/TR/xhtml1/DTD/xhtml1-transitional.dtd">
<html xmlns="http://www.w3.org/1999/xhtml" xml:lang="en" lang="en">
 <head>
  <title>
</title>
<meta http-equiv="Content-Type" content="text/html;charset=utf-8" />
  <meta name='ocr-system' content='tesseract 3.04.00' />
  <meta name='ocr-capabilities' content='ocr_page ocr_carea ocr_par ocr_line ocrx_word'/>
</head>
<body>
  <div class='ocr_page' id='page_1' title='image "apologeticusadve00tert_0061.png"; bbox 0 0 2154 3564; ppageno 0'>
   <div class='ocr_carea' id='block_1_1' title="bbox 159 207 1819 275">
    <p class='ocr_par' dir='ltr' id='par_1_1' title="bbox 159 207 1819 275">
     <span class='ocr_line' id='line_1_1' title="bbox 159 207 1819 275; baseline 0 -17"><span class='ocrx_word' id='word_1_1' title='bbox 159 219 259 258; x_wconf 70' lang='lat' dir='ltr'>CAP.</span> <span class='ocrx_word' id='word_1_2' title='bbox 279 213 371 265; x_wconf 82' lang='lat' dir='ltr'>VL]</span> <span class='ocrx_word' id='word_1_3' title='bbox 481 207 738 260; x_wconf 71' lang='lat' dir='ltr'>adversus</span> <span class='ocrx_word' id='word_1_4' title='bbox 782 207 974 260; x_wconf 77' lang='lat' dir='ltr'><em>Gentes</em></span> <span class='ocrx_word' id='word_1_5' title='bbox 998 217 1103 274; x_wconf 69' lang='lat' dir='ltr'>pro</span> <span class='ocrx_word' id='word_1_6' title='bbox 1147 207 1493 261; x_wconf 66' lang='lat' dir='ltr'>Christianis.</span> <span class='ocrx_word' id='word_1_7' title='bbox 1755 223 1783 258; x_wconf 83' lang='lat'><strong>2</strong></span> <span class='ocrx_word' id='word_1_8' title='bbox 1789 222 1819 275; x_wconf 81' lang='lat'><em>3</em></span> 
     </span>
    </p>
   </div>
   <div class='ocr_carea' id='block_1_2' title="bbox 822 495 1173 547">
    <p class='ocr_par' dir='ltr' id='par_1_2' title="bbox 822 495 1173 547">
     <span class='ocr_line' id='line_1_2' title="bbox 822 495 1173 547; baseline -0.003 -3"><span class='ocrx_word' id='word_1_9' title='bbox 822 496 1045 544; x_wconf 83' lang='lat' dir='ltr'>CAPUT</span> <span class='ocrx_word' id='word_1_10' title='bbox 1070 495 1173 547; x_wconf 85' lang='lat' dir='ltr'>VI.</span> 
     </span>
    </p>
   </div>
   <div class='ocr_carea' id='block_1_3' title="bbox 161 625 1901 1589">
    <p class='ocr_par' dir='ltr' id='par_1_3' title="bbox 161 625 1901 1589">
     <span class='ocr_line' id='line_1_3' title="bbox 229 625 1827 690; baseline 0.001 -17"><span class='ocrx_word' id='word_1_11' title='bbox 229 626 280 673; x_wconf 90' lang='lat' dir='ltr'>N</span> <span class='ocrx_word' id='word_1_12' title='bbox 282 640 382 674; x_wconf 65' lang='grc' dir='ltr'>ΗΝΘ,</span> <span class='ocrx_word' id='word_1_13' title='bbox 429 625 782 689; x_wconf 81' lang='lat' dir='ltr'>religiosissimi</span> <span class='ocrx_word' id='word_1_14' title='bbox 829 627 992 689; x_wconf 86' lang='lat' dir='ltr'>legum</span> <span class='ocrx_word' id='word_1_15' title='bbox 1031 630 1081 674; x_wconf 91' lang='lat' dir='ltr'>et</span> <span class='ocrx_word' id='word_1_16' title='bbox 1128 631 1440 690; x_wconf 87' lang='lat' dir='ltr'>paternorum</span> <span class='ocrx_word' id='word_1_17' title='bbox 1485 626 1827 676; x_wconf 88' lang='lat' dir='ltr'>institutorum</span> 
     </span>
     <span class='ocr_line' id='line_1_4' title="bbox 161 708 1828 771; baseline 0.001 -16"><span class='ocrx_word' id='word_1_18' title='bbox 161 712 458 771; x_wconf 89' lang='lat' dir='ltr'>protectores</span> <span class='ocrx_word' id='word_1_19' title='bbox 504 713 555 756; x_wconf 91' lang='lat' dir='ltr'>et</span> <span class='ocrx_word' id='word_1_20' title='bbox 602 709 812 756; x_wconf 84' lang='lat' dir='ltr'>cultores</span> <span class='ocrx_word' id='word_1_21' title='bbox 859 708 1183 771; x_wconf 73' lang='lat' dir='ltr'>respondeant</span> <span class='ocrx_word' id='word_1_22' title='bbox 1222 708 1371 757; x_wconf 91' lang='lat' dir='ltr'>velim</span> <span class='ocrx_word' id='word_1_23' title='bbox 1411 708 1471 756; x_wconf 91' lang='lat' dir='ltr'>de</span> <span class='ocrx_word' id='word_1_24' title='bbox 1512 726 1599 757; x_wconf 89' lang='lat' dir='ltr'>sua</span> <span class='ocrx_word' id='word_1_25' title='bbox 1645 709 1737 756; x_wconf 90' lang='lat' dir='ltr'>fide</span> <span class='ocrx_word' id='word_1_26' title='bbox 1779 714 1828 756; x_wconf 89' lang='lat' dir='ltr'>et</span> 
     </span>
     <span class='ocr_line' id='line_1_5' title="bbox 161 790 1827 854; baseline 0 -17"><span class='ocrx_word' id='word_1_27' title='bbox 161 790 341 837; x_wconf 85' lang='lat' dir='ltr'>honore</span> <span class='ocrx_word' id='word_1_28' title='bbox 377 793 425 837; x_wconf 90' lang='lat' dir='ltr'>et</span> <span class='ocrx_word' id='word_1_29' title='bbox 461 790 689 854; x_wconf 86' lang='lat' dir='ltr'>obsequio</span> <span class='ocrx_word' id='word_1_30' title='bbox 721 807 834 853; x_wconf 88' lang='lat' dir='ltr'>erga</span> <span class='ocrx_word' id='word_1_31' title='bbox 868 792 1106 851; x_wconf 83' lang='lat' dir='ltr'>majorum</span> <span class='ocrx_word' id='word_1_32' title='bbox 1140 791 1374 848; x_wconf 85' lang='lat' dir='ltr'>consulta,</span> <span class='ocrx_word' id='word_1_33' title='bbox 1400 790 1443 838; x_wconf 91' lang='lat' dir='ltr'>si</span> <span class='ocrx_word' id='word_1_34' title='bbox 1467 807 1495 838; x_wconf 91' lang='lat' dir='ltr'>a</span> <span class='ocrx_word' id='word_1_35' title='bbox 1519 791 1653 839; x_wconf 91' lang='lat' dir='ltr'>nullo</span> <span class='ocrx_word' id='word_1_36' title='bbox 1678 791 1827 838; x_wconf 86' lang='lat' dir='ltr'>desci-</span> 
     </span>
     <span class='ocr_line' id='line_1_6' title="bbox 162 871 1867 936; baseline 0 -16"><span class='ocrx_word' id='word_1_37' title='bbox 162 876 354 930; x_wconf 92' lang='lat' dir='ltr'>verunt,</span> <span class='ocrx_word' id='word_1_38' title='bbox 380 871 421 920; x_wconf 90' lang='lat' dir='ltr'>si</span> <span class='ocrx_word' id='word_1_39' title='bbox 445 872 499 918; x_wconf 92' lang='lat' dir='ltr'>in</span> <span class='ocrx_word' id='word_1_40' title='bbox 522 873 656 919; x_wconf 93' lang='lat' dir='ltr'>nullo</span> <span class='ocrx_word' id='word_1_41' title='bbox 681 872 1094 930; x_wconf 80' lang='lat' dir='ltr'>exorbitaverunt,</span> <span class='ocrx_word' id='word_1_42' title='bbox 1120 872 1160 919; x_wconf 91' lang='lat' dir='ltr'>si</span> <span class='ocrx_word' id='word_1_43' title='bbox 1190 889 1288 918; x_wconf 90' lang='lat' dir='ltr'>non</span> <span class='ocrx_word' id='word_1_44' title='bbox 1312 872 1582 920; x_wconf 88' lang='lat' dir='ltr'>necessaria</span> <span class='ocrx_word' id='word_1_45' title='bbox 1606 878 1655 920; x_wconf 92' lang='lat' dir='ltr'>et</span> <span class='ocrx_word' id='word_1_46' title='bbox 1678 873 1828 936; x_wconf 87' lang='lat' dir='ltr'>aptis·</span> <span class='ocrx_word' id='word_1_47' title='bbox 1845 895 1867 934; x_wconf 86' lang='lat'>5</span> 
     </span>
     <span class='ocr_line' id='line_1_7' title="bbox 163 952 1829 1016; baseline 0.001 -15"><span class='ocrx_word' id='word_1_48' title='bbox 163 953 284 1002; x_wconf 87' lang='lat' dir='ltr'>sima</span> <span class='ocrx_word' id='word_1_49' title='bbox 342 970 558 1016; x_wconf 89' lang='lat' dir='ltr'>quaeque</span> <span class='ocrx_word' id='word_1_50' title='bbox 604 953 886 1016; x_wconf 88' lang='lat' dir='ltr'>disciplinae</span> <span class='ocrx_word' id='word_1_51' title='bbox 934 952 1355 1001; x_wconf 68' lang='lat' dir='ltr'>oblitteraverunt.</span> <span class='ocrx_word' id='word_1_52' title='bbox 1440 954 1665 1014; x_wconf 79' lang='lat' dir='ltr'>Quonam</span> <span class='ocrx_word' id='word_1_53' title='bbox 1717 954 1829 1002; x_wconf 87' lang='lat' dir='ltr'>illae</span> 
     </span>
     <span class='ocr_line' id='line_1_8' title="bbox 161 1035 1830 1099; baseline 0.001 -17"><span class='ocrx_word' id='word_1_54' title='bbox 161 1036 289 1099; x_wconf 89' lang='lat' dir='ltr'>leges</span> <span class='ocrx_word' id='word_1_55' title='bbox 325 1035 551 1083; x_wconf 88' lang='lat' dir='ltr'>abierunt</span> <span class='ocrx_word' id='word_1_56' title='bbox 587 1040 834 1097; x_wconf 91' lang='lat' dir='ltr'>sumptum</span> <span class='ocrx_word' id='word_1_57' title='bbox 870 1040 918 1083; x_wconf 91' lang='lat' dir='ltr'>et</span> <span class='ocrx_word' id='word_1_58' title='bbox 954 1035 1266 1083; x_wconf 86' lang='lat' dir='ltr'>ambitionem</span> <span class='ocrx_word' id='word_1_59' title='bbox 1292 1036 1674 1099; x_wconf 88' lang='lat' dir='ltr'>comprimentes,</span> <span class='ocrx_word' id='word_1_60' title='bbox 1706 1053 1830 1099; x_wconf 85' lang='lat' dir='ltr'>quae</span> 
     </span>
     <span class='ocr_line' id='line_1_9' title="bbox 166 1116 1831 1179; baseline 0 -15"><span class='ocrx_word' id='word_1_61' title='bbox 166 1122 362 1165; x_wconf 89' lang='lat' dir='ltr'>centum</span> <span class='ocrx_word' id='word_1_62' title='bbox 393 1134 505 1164; x_wconf 87' lang='lat' dir='ltr'>aera</span> <span class='ocrx_word' id='word_1_63' title='bbox 539 1134 636 1164; x_wconf 91' lang='lat' dir='ltr'>non</span> <span class='ocrx_word' id='word_1_64' title='bbox 670 1117 879 1179; x_wconf 90' lang='lat' dir='ltr'>amplius</span> <span class='ocrx_word' id='word_1_65' title='bbox 911 1116 964 1163; x_wconf 92' lang='lat' dir='ltr'>in</span> <span class='ocrx_word' id='word_1_66' title='bbox 996 1134 1164 1164; x_wconf 89' lang='lat' dir='ltr'>cenam</span> <span class='ocrx_word' id='word_1_67' title='bbox 1197 1117 1436 1165; x_wconf 75' lang='lat' dir='ltr'>subscribi</span> <span class='ocrx_word' id='word_1_68' title='bbox 1465 1118 1717 1179; x_wconf 83' lang='lat' dir='ltr'>jubebant,</span> <span class='ocrx_word' id='word_1_69' title='bbox 1743 1134 1831 1165; x_wconf 90' lang='lat' dir='ltr'>nec</span> 
     </span>
     <span class='ocr_line' id='line_1_10' title="bbox 166 1198 1830 1262; baseline 0.001 -17"><span class='ocrx_word' id='word_1_70' title='bbox 166 1198 374 1261; x_wconf 88' lang='lat' dir='ltr'>amplius</span> <span class='ocrx_word' id='word_1_71' title='bbox 400 1216 545 1261; x_wconf 87' lang='lat' dir='ltr'>quam</span> <span class='ocrx_word' id='word_1_72' title='bbox 568 1215 719 1246; x_wconf 89' lang='lat' dir='ltr'>unam</span> <span class='ocrx_word' id='word_1_73' title='bbox 742 1198 915 1246; x_wconf 89' lang='lat' dir='ltr'>inferri</span> <span class='ocrx_word' id='word_1_74' title='bbox 937 1198 1182 1261; x_wconf 83' lang='lat' dir='ltr'>gallinam,</span> <span class='ocrx_word' id='word_1_75' title='bbox 1204 1202 1252 1246; x_wconf 89' lang='lat' dir='ltr'>et</span> <span class='ocrx_word' id='word_1_76' title='bbox 1275 1216 1382 1246; x_wconf 90' lang='lat' dir='ltr'>eam</span> <span class='ocrx_word' id='word_1_77' title='bbox 1404 1217 1502 1247; x_wconf 91' lang='lat' dir='ltr'>non</span> <span class='ocrx_word' id='word_1_78' title='bbox 1526 1200 1799 1262; x_wconf 83' lang='lat' dir='ltr'>saginatam</span> <span class='ocrx_word' id='word_1_79' title='bbox 1817 1217 1830 1258; x_wconf 77' lang='lat'><em>3</em></span> 
     </span>
     <span class='ocr_line' id='line_1_11' title="bbox 167 1280 1901 1344; baseline 0.001 -16"><span class='ocrx_word' id='word_1_80' title='bbox 167 1298 290 1344; x_wconf 86' lang='lat' dir='ltr'>quae</span> <span class='ocrx_word' id='word_1_81' title='bbox 326 1281 602 1343; x_wconf 87' lang='lat' dir='ltr'>patricium,</span> <span class='ocrx_word' id='word_1_82' title='bbox 646 1280 776 1342; x_wconf 88' lang='lat' dir='ltr'>quod</span> <span class='ocrx_word' id='word_1_83' title='bbox 812 1280 975 1327; x_wconf 91' lang='lat' dir='ltr'>decem</span> <span class='ocrx_word' id='word_1_84' title='bbox 1015 1281 1176 1343; x_wconf 90' lang='lat' dir='ltr'>pondo</span> <span class='ocrx_word' id='word_1_85' title='bbox 1211 1281 1405 1343; x_wconf 82' lang='lat' dir='ltr'>argenti</span> <span class='ocrx_word' id='word_1_86' title='bbox 1446 1281 1706 1340; x_wconf 85' lang='lat' dir='ltr'>habuisset,</span> <span class='ocrx_word' id='word_1_87' title='bbox 1745 1298 1832 1344; x_wconf 89' lang='lat' dir='ltr'>pro</span> <span class='ocrx_word' id='word_1_88' title='bbox 1853 1303 1901 1330; x_wconf 93' lang='lat'>10</span> 
     </span>
     <span class='ocr_line' id='line_1_12' title="bbox 167 1361 1835 1427; baseline 0.001 -18"><span class='ocrx_word' id='word_1_89' title='bbox 167 1378 342 1424; x_wconf 87' lang='lat' dir='ltr'>magno</span> <span class='ocrx_word' id='word_1_90' title='bbox 366 1362 515 1409; x_wconf 90' lang='lat' dir='ltr'>titulo</span> <span class='ocrx_word' id='word_1_91' title='bbox 539 1361 819 1409; x_wconf 86' lang='lat' dir='ltr'>ambitionis</span> <span class='ocrx_word' id='word_1_92' title='bbox 853 1366 1023 1410; x_wconf 86' lang='lat' dir='ltr'>senatu</span> <span class='ocrx_word' id='word_1_93' title='bbox 1059 1362 1454 1421; x_wconf 81' lang='lat' dir='ltr'>summovebant3</span> <span class='ocrx_word' id='word_1_94' title='bbox 1494 1381 1617 1427; x_wconf 85' lang='lat' dir='ltr'>quae</span> <span class='ocrx_word' id='word_1_95' title='bbox 1642 1363 1835 1411; x_wconf 86' lang='lat' dir='ltr'>theatra</span> 
     </span>
     <span class='ocr_line' id='line_1_13' title="bbox 169 1442 1834 1508; baseline -0.001 -17"><span class='ocrx_word' id='word_1_96' title='bbox 169 1444 450 1507; x_wconf 85' lang='lat' dir='ltr'>stuprandis</span> <span class='ocrx_word' id='word_1_97' title='bbox 473 1444 689 1491; x_wconf 88' lang='lat' dir='ltr'>moribus</span> <span class='ocrx_word' id='word_1_98' title='bbox 713 1443 923 1491; x_wconf 87' lang='lat' dir='ltr'>orientia</span> <span class='ocrx_word' id='word_1_99' title='bbox 953 1442 1121 1491; x_wconf 89' lang='lat' dir='ltr'>statim</span> <span class='ocrx_word' id='word_1_100' title='bbox 1145 1444 1462 1491; x_wconf 87' lang='lat' dir='ltr'>destruebant</span> <span class='ocrx_word' id='word_1_101' title='bbox 1476 1461 1489 1504; x_wconf 72' lang='grc' dir='ltr'><strong><em>ς</em></strong></span> <span class='ocrx_word' id='word_1_102' title='bbox 1528 1462 1650 1508; x_wconf 89' lang='lat' dir='ltr'>quae</span> <span class='ocrx_word' id='word_1_103' title='bbox 1675 1445 1834 1507; x_wconf 87' lang='lat' dir='ltr'>digni-</span> 
     </span>
     <span class='ocr_line' id='line_1_14' title="bbox 166 1525 1837 1589; baseline 0 -16"><span class='ocrx_word' id='word_1_104' title='bbox 166 1530 329 1573; x_wconf 92' lang='lat' dir='ltr'>tatum</span> <span class='ocrx_word' id='word_1_105' title='bbox 376 1529 426 1573; x_wconf 92' lang='lat' dir='ltr'>et</span> <span class='ocrx_word' id='word_1_106' title='bbox 471 1526 786 1573; x_wconf 88' lang='lat' dir='ltr'>honestorum</span> <span class='ocrx_word' id='word_1_107' title='bbox 833 1525 1073 1572; x_wconf 90' lang='lat' dir='ltr'>natalium</span> <span class='ocrx_word' id='word_1_108' title='bbox 1119 1525 1332 1589; x_wconf 89' lang='lat' dir='ltr'>insignia</span> <span class='ocrx_word' id='word_1_109' title='bbox 1374 1543 1472 1574; x_wconf 92' lang='lat' dir='ltr'>non</span> <span class='ocrx_word' id='word_1_110' title='bbox 1513 1529 1707 1582; x_wconf 89' lang='lat' dir='ltr'>temere,</span> <span class='ocrx_word' id='word_1_111' title='bbox 1751 1543 1837 1573; x_wconf 87' lang='lat' dir='ltr'>nec</span> 
     </span>
    </p>
   </div>
   <div class='ocr_carea' id='block_1_4' title="bbox 168 1607 1905 1838">
    <p class='ocr_par' dir='ltr' id='par_1_4' title="bbox 168 1607 1905 1838">
     <span class='ocr_line' id='line_1_15' title="bbox 168 1607 1838 1671; baseline 0.001 -17"><span class='ocrx_word' id='word_1_112' title='bbox 168 1607 365 1671; x_wconf 91' lang='lat' dir='ltr'>impune</span> <span class='ocrx_word' id='word_1_113' title='bbox 418 1607 643 1670; x_wconf 85' lang='lat' dir='ltr'>usurpari</span> <span class='ocrx_word' id='word_1_114' title='bbox 702 1607 925 1655; x_wconf 89' lang='lat' dir='ltr'>sinebant</span> <span class='ocrx_word' id='word_1_115' title='bbox 945 1608 961 1654; x_wconf 72' lang='lat'><strong><em>2</em></strong></span> <span class='ocrx_word' id='word_1_116' title='bbox 1045 1607 1201 1655; x_wconf 87' lang='lat' dir='ltr'>Video</span> <span class='ocrx_word' id='word_1_117' title='bbox 1253 1607 1383 1654; x_wconf 92' lang='lat' dir='ltr'>enim</span> <span class='ocrx_word' id='word_1_118' title='bbox 1431 1611 1480 1655; x_wconf 91' lang='lat' dir='ltr'>et</span> <span class='ocrx_word' id='word_1_119' title='bbox 1537 1608 1838 1656; x_wconf 88' lang='lat' dir='ltr'>centenarias</span> 
     </span>
     <span class='ocr_line' id='line_1_16' title="bbox 169 1688 1905 1754; baseline 0 -18"><span class='ocrx_word' id='word_1_120' title='bbox 169 1706 324 1748; x_wconf 83' lang='lat' dir='ltr'>cenas,</span> <span class='ocrx_word' id='word_1_121' title='bbox 350 1707 378 1737; x_wconf 94' lang='lat' dir='ltr'>a</span> <span class='ocrx_word' id='word_1_122' title='bbox 403 1689 618 1737; x_wconf 84' lang='lat' dir='ltr'>centenis</span> <span class='ocrx_word' id='word_1_123' title='bbox 637 1691 738 1751; x_wconf 83' lang='lat' dir='ltr'>jam</span> <span class='ocrx_word' id='word_1_124' title='bbox 763 1688 997 1737; x_wconf 86' lang='lat' dir='ltr'>sestertiis</span> <span class='ocrx_word' id='word_1_125' title='bbox 1031 1689 1271 1746; x_wconf 81' lang='lat' dir='ltr'>dicendas,</span> <span class='ocrx_word' id='word_1_126' title='bbox 1309 1693 1359 1736; x_wconf 89' lang='lat' dir='ltr'>et</span> <span class='ocrx_word' id='word_1_127' title='bbox 1383 1688 1437 1735; x_wconf 92' lang='lat' dir='ltr'>in</span> <span class='ocrx_word' id='word_1_128' title='bbox 1460 1690 1620 1738; x_wconf 89' lang='lat' dir='ltr'>lances</span> <span class='ocrx_word' id='word_1_129' title='bbox 1646 1690 1839 1754; x_wconf 85' lang='lat' dir='ltr'>(parum</span> <span class='ocrx_word' id='word_1_130' title='bbox 1858 1709 1905 1750; x_wconf 86' lang='lat'>15</span> 
     </span>
     <span class='ocr_line' id='line_1_17' title="bbox 169 1769 1841 1838; baseline -0.001 -19"><span class='ocrx_word' id='word_1_131' title='bbox 169 1776 243 1820; x_wconf 90' lang='lat' dir='ltr'>est</span> <span class='ocrx_word' id='word_1_132' title='bbox 270 1769 444 1838; x_wconf 86' lang='lat' dir='ltr'>[enim]</span> <span class='ocrx_word' id='word_1_133' title='bbox 473 1771 514 1819; x_wconf 86' lang='lat' dir='ltr'>si</span> <span class='ocrx_word' id='word_1_134' title='bbox 537 1775 815 1818; x_wconf 90' lang='lat' dir='ltr'>senatorum</span> <span class='ocrx_word' id='word_1_135' title='bbox 842 1775 890 1818; x_wconf 90' lang='lat' dir='ltr'>et</span> <span class='ocrx_word' id='word_1_136' title='bbox 915 1787 1014 1817; x_wconf 92' lang='lat' dir='ltr'>non</span> <span class='ocrx_word' id='word_1_137' title='bbox 1037 1770 1381 1818; x_wconf 88' lang='lat' dir='ltr'>libertinorum</span> <span class='ocrx_word' id='word_1_138' title='bbox 1404 1772 1482 1819; x_wconf 95' lang='lat' dir='ltr'>vel</span> <span class='ocrx_word' id='word_1_139' title='bbox 1506 1772 1663 1819; x_wconf 87' lang='lat' dir='ltr'>adhuc</span> <span class='ocrx_word' id='word_1_140' title='bbox 1687 1772 1841 1834; x_wconf 80' lang='lat' dir='ltr'>flagra</span> 
     </span>
    </p>
   </div>
   <div class='ocr_carea' id='block_1_5' title="bbox 171 1898 1852 3244">
    <p class='ocr_par' dir='ltr' id='par_1_5' title="bbox 171 1898 1844 2190">
     <span class='ocr_line' id='line_1_18' title="bbox 227 1898 1842 1953; baseline -0.001 -11"><span class='ocrx_word' id='word_1_141' title='bbox 227 1913 264 1953; x_wconf 90' lang='lat'>5.</span> <span class='ocrx_word' id='word_1_142' title='bbox 294 1903 692 1941; x_wconf 83' lang='lat' dir='ltr'>exorbitaverunt.</span> <span class='ocrx_word' id='word_1_143' title='bbox 756 1900 976 1940; x_wconf 73' lang='lat' dir='ltr'>Orbita=‘</span> <span class='ocrx_word' id='word_1_144' title='bbox 989 1914 1014 1939; x_wconf 86' lang='lat' dir='ltr'>a</span> <span class='ocrx_word' id='word_1_145' title='bbox 1033 1900 1255 1940; x_wconf 87' lang='lat' dir='ltr'>wheel-rut</span> <span class='ocrx_word' id='word_1_146' title='bbox 1269 1898 1280 1917; x_wconf 92' lang='lat'>&#39;</span> <span class='ocrx_word' id='word_1_147' title='bbox 1294 1913 1305 1949; x_wconf 83' lang='lat'><em>3</em></span> <span class='ocrx_word' id='word_1_148' title='bbox 1342 1901 1625 1940; x_wconf 72' lang='lat' dir='ltr'>exorbitare:</span> <span class='ocrx_word' id='word_1_149' title='bbox 1639 1905 1649 1923; x_wconf 84' lang='lat'>‘</span> <span class='ocrx_word' id='word_1_150' title='bbox 1661 1906 1706 1941; x_wconf 91' lang='lat' dir='ltr'>to</span> <span class='ocrx_word' id='word_1_151' title='bbox 1726 1906 1842 1952; x_wconf 86' lang='lat' dir='ltr'>stray</span> 
     </span>
     <span class='ocr_line' id='line_1_19' title="bbox 171 1960 1843 2015; baseline -0.002 -12"><span class='ocrx_word' id='word_1_152' title='bbox 171 1963 278 2003; x_wconf 87' lang='lat' dir='ltr'>from</span> <span class='ocrx_word' id='word_1_153' title='bbox 303 1964 376 2003; x_wconf 89' lang='lat' dir='ltr'>the</span> <span class='ocrx_word' id='word_1_154' title='bbox 406 1963 571 2002; x_wconf 86' lang='lat' dir='ltr'>defined</span> <span class='ocrx_word' id='word_1_155' title='bbox 602 1960 734 2014; x_wconf 82' lang='lat' dir='ltr'>path,&#39;</span> <span class='ocrx_word' id='word_1_156' title='bbox 755 1965 825 2002; x_wconf 87' lang='lat' dir='ltr'>‘to</span> <span class='ocrx_word' id='word_1_157' title='bbox 856 1960 1049 2002; x_wconf 88' lang='lat' dir='ltr'>deviate.&#39;</span> <span class='ocrx_word' id='word_1_158' title='bbox 1106 1963 1195 2001; x_wconf 85' lang='lat' dir='ltr'>The</span> <span class='ocrx_word' id='word_1_159' title='bbox 1224 1962 1341 2002; x_wconf 91' lang='lat' dir='ltr'>word</span> <span class='ocrx_word' id='word_1_160' title='bbox 1372 1977 1512 2002; x_wconf 87' lang='lat' dir='ltr'>recurs</span> <span class='ocrx_word' id='word_1_161' title='bbox 1540 1963 1603 2002; x_wconf 89' lang='lat' dir='ltr'>ch.</span> <span class='ocrx_word' id='word_1_162' title='bbox 1626 1975 1666 2015; x_wconf 90' lang='lat'>9,</span> <span class='ocrx_word' id='word_1_163' title='bbox 1691 1963 1755 2013; x_wconf 85' lang='lat'>16,</span> <span class='ocrx_word' id='word_1_164' title='bbox 1777 1974 1843 2001; x_wconf 89' lang='lat'>20.</span> 
     </span>
     <span class='ocr_line' id='line_1_20' title="bbox 173 2024 1843 2077; baseline 0 -12"><span class='ocrx_word' id='word_1_165' title='bbox 173 2026 315 2077; x_wconf 85' lang='lat' dir='ltr'>Comp.</span> <span class='ocrx_word' id='word_1_166' title='bbox 341 2025 481 2064; x_wconf 82' lang='lat' dir='ltr'>Sidon.</span> <span class='ocrx_word' id='word_1_167' title='bbox 501 2025 690 2076; x_wconf 88' lang='lat' dir='ltr'>Apollin.</span> <span class='ocrx_word' id='word_1_168' title='bbox 710 2024 823 2075; x_wconf 72' lang='lat' dir='ltr'>Epp.</span> <span class='ocrx_word' id='word_1_169' title='bbox 852 2025 940 2064; x_wconf 90' lang='lat' dir='ltr'>viii.</span> <span class='ocrx_word' id='word_1_170' title='bbox 966 2035 1027 2073; x_wconf 91' lang='lat'>11,</span> <span class='ocrx_word' id='word_1_171' title='bbox 1050 2027 1099 2063; x_wconf 87' lang='lat' dir='ltr'>‘a</span> <span class='ocrx_word' id='word_1_172' title='bbox 1118 2025 1347 2063; x_wconf 87' lang='lat' dir='ltr'>catholicae</span> <span class='ocrx_word' id='word_1_173' title='bbox 1370 2025 1469 2064; x_wconf 90' lang='lat' dir='ltr'>fidei</span> <span class='ocrx_word' id='word_1_174' title='bbox 1495 2026 1651 2077; x_wconf 85' lang='lat' dir='ltr'>regulis</span> <span class='ocrx_word' id='word_1_175' title='bbox 1680 2027 1843 2065; x_wconf 83' lang='lat' dir='ltr'>exorbi-</span> 
     </span>
     <span class='ocr_line' id='line_1_21' title="bbox 172 2086 1844 2137; baseline 0 -9"><span class='ocrx_word' id='word_1_176' title='bbox 172 2086 312 2136; x_wconf 82' lang='lat' dir='ltr'>tare&#39;3</span> <span class='ocrx_word' id='word_1_177' title='bbox 353 2087 437 2125; x_wconf 89' lang='lat' dir='ltr'>and</span> <span class='ocrx_word' id='word_1_178' title='bbox 468 2087 582 2127; x_wconf 89' lang='lat' dir='ltr'>Tert.</span> <span class='ocrx_word' id='word_1_179' title='bbox 613 2087 708 2126; x_wconf 82' lang='lat' dir='ltr'>adv.</span> <span class='ocrx_word' id='word_1_180' title='bbox 745 2087 885 2126; x_wconf 79' lang='lat' dir='ltr'>Mare.</span> <span class='ocrx_word' id='word_1_181' title='bbox 918 2087 977 2125; x_wconf 89' lang='lat' dir='ltr'>iii.</span> <span class='ocrx_word' id='word_1_182' title='bbox 1010 2098 1058 2135; x_wconf 85' lang='lat'>23</span> <span class='ocrx_word' id='word_1_183' title='bbox 1103 2088 1154 2126; x_wconf 81' lang='lat' dir='ltr'>de</span> <span class='ocrx_word' id='word_1_184' title='bbox 1176 2086 1364 2137; x_wconf 72' lang='lat' dir='ltr'>pudicit.</span> <span class='ocrx_word' id='word_1_185' title='bbox 1396 2087 1435 2137; x_wconf 90' lang='grc'>8,</span> <span class='ocrx_word' id='word_1_186' title='bbox 1473 2089 1521 2126; x_wconf 88' lang='lat' dir='ltr'>‘a</span> <span class='ocrx_word' id='word_1_187' title='bbox 1552 2101 1651 2127; x_wconf 89' lang='lat' dir='ltr'>vero</span> <span class='ocrx_word' id='word_1_188' title='bbox 1684 2089 1844 2129; x_wconf 87' lang='lat' dir='ltr'>lumine</span> 
     </span>
     <span class='ocr_line' id='line_1_22' title="bbox 174 2146 442 2190; baseline -0.004 -1"><span class='ocrx_word' id='word_1_189' title='bbox 174 2146 442 2190; x_wconf 86' lang='lat' dir='ltr'>exorbitant.’</span> 
     </span>
    </p>

    <p class='ocr_par' dir='ltr' id='par_1_6' title="bbox 174 2212 1847 2631">
     <span class='ocr_line' id='line_1_23' title="bbox 233 2212 1844 2262; baseline 0 -11"><span class='ocrx_word' id='word_1_190' title='bbox 233 2218 267 2262; x_wconf 84' lang='lat'>7.</span> <span class='ocrx_word' id='word_1_191' title='bbox 296 2214 424 2257; x_wconf 82' lang='lat' dir='ltr'>leges</span> <span class='ocrx_word' id='word_1_192' title='bbox 444 2212 664 2250; x_wconf 85' lang='lat' dir='ltr'>abierunt</span> <span class='ocrx_word' id='word_1_193' title='bbox 682 2214 921 2256; x_wconf 83' lang='lat' dir='ltr'>sumptum</span> <span class='ocrx_word' id='word_1_194' title='bbox 941 2215 987 2249; x_wconf 86' lang='lat' dir='ltr'>et</span> <span class='ocrx_word' id='word_1_195' title='bbox 1008 2212 1316 2249; x_wconf 85' lang='lat' dir='ltr'>ambitionem</span> <span class='ocrx_word' id='word_1_196' title='bbox 1337 2212 1714 2257; x_wconf 84' lang='lat' dir='ltr'>comprimentes.</span> <span class='ocrx_word' id='word_1_197' title='bbox 1756 2212 1844 2251; x_wconf 88' lang='lat' dir='ltr'>The</span> 
     </span>
     <span class='ocr_line' id='line_1_24' title="bbox 178 2271 1846 2323; baseline 0 -12"><span class='ocrx_word' id='word_1_198' title='bbox 178 2273 248 2311; x_wconf 89' lang='lat' dir='ltr'>old</span> <span class='ocrx_word' id='word_1_199' title='bbox 277 2276 522 2323; x_wconf 86' lang='lat' dir='ltr'>sumptuary</span> <span class='ocrx_word' id='word_1_200' title='bbox 551 2272 655 2311; x_wconf 86' lang='lat' dir='ltr'>laws</span> <span class='ocrx_word' id='word_1_201' title='bbox 686 2272 773 2322; x_wconf 75' lang='lat' dir='ltr'>(lex</span> <span class='ocrx_word' id='word_1_202' title='bbox 801 2272 990 2319; x_wconf 72' lang='lat' dir='ltr'>Fannia,</span> <span class='ocrx_word' id='word_1_203' title='bbox 1022 2271 1082 2310; x_wconf 74' lang='lat' dir='ltr'>lex</span> <span class='ocrx_word' id='word_1_204' title='bbox 1112 2271 1311 2321; x_wconf 71' lang='lat' dir='ltr'>Licinia)</span> <span class='ocrx_word' id='word_1_205' title='bbox 1341 2284 1450 2310; x_wconf 87' lang='lat' dir='ltr'>were</span> <span class='ocrx_word' id='word_1_206' title='bbox 1483 2272 1625 2323; x_wconf 83' lang='lat' dir='ltr'>partly</span> <span class='ocrx_word' id='word_1_207' title='bbox 1651 2272 1846 2323; x_wconf 87' lang='lat' dir='ltr'>repealed</span> 
     </span>
     <span class='ocr_line' id='line_1_25' title="bbox 174 2332 1846 2385; baseline 0 -13"><span class='ocrx_word' id='word_1_208' title='bbox 174 2333 261 2373; x_wconf 89' lang='lat' dir='ltr'>and</span> <span class='ocrx_word' id='word_1_209' title='bbox 288 2334 428 2385; x_wconf 84' lang='lat' dir='ltr'>partly</span> <span class='ocrx_word' id='word_1_210' title='bbox 447 2333 690 2372; x_wconf 81' lang='lat' dir='ltr'>re-enacted</span> <span class='ocrx_word' id='word_1_211' title='bbox 718 2333 775 2384; x_wconf 84' lang='lat' dir='ltr'>by</span> <span class='ocrx_word' id='word_1_212' title='bbox 794 2333 1039 2385; x_wconf 80' lang='lat' dir='ltr'>Augustus3</span> <span class='ocrx_word' id='word_1_213' title='bbox 1069 2332 1239 2372; x_wconf 78' lang='lat' dir='ltr'>Sueton.</span> <span class='ocrx_word' id='word_1_214' title='bbox 1269 2332 1412 2372; x_wconf 76' lang='lat' dir='ltr'>Oetav.</span> <span class='ocrx_word' id='word_1_215' title='bbox 1441 2343 1507 2383; x_wconf 81' lang='lat'>34,</span> <span class='ocrx_word' id='word_1_216' title='bbox 1530 2333 1666 2384; x_wconf 84' lang='lat' dir='ltr'>‘leges</span> <span class='ocrx_word' id='word_1_217' title='bbox 1690 2336 1846 2372; x_wconf 86' lang='lat' dir='ltr'>retrac—</span> 
     </span>
     <span class='ocr_line' id='line_1_26' title="bbox 174 2393 1846 2447; baseline -0.001 -12"><span class='ocrx_word' id='word_1_218' title='bbox 174 2397 301 2445; x_wconf 86' lang='lat' dir='ltr'>tavit,</span> <span class='ocrx_word' id='word_1_219' title='bbox 326 2400 368 2436; x_wconf 90' lang='lat' dir='ltr'>et</span> <span class='ocrx_word' id='word_1_220' title='bbox 394 2396 596 2447; x_wconf 87' lang='lat' dir='ltr'>quasdam</span> <span class='ocrx_word' id='word_1_221' title='bbox 621 2409 672 2435; x_wconf 84' lang='lat' dir='ltr'>ex</span> <span class='ocrx_word' id='word_1_222' title='bbox 695 2396 862 2446; x_wconf 86' lang='lat' dir='ltr'>integro</span> <span class='ocrx_word' id='word_1_223' title='bbox 889 2395 1044 2443; x_wconf 81' lang='lat' dir='ltr'>sanxit,</span> <span class='ocrx_word' id='word_1_224' title='bbox 1066 2399 1114 2434; x_wconf 88' lang='lat' dir='ltr'>ut</span> <span class='ocrx_word' id='word_1_225' title='bbox 1136 2395 1440 2445; x_wconf 83' lang='lat' dir='ltr'>sumptuariam</span> <span class='ocrx_word' id='word_1_226' title='bbox 1461 2426 1469 2434; x_wconf 98' lang='lat'>.</span> <span class='ocrx_word' id='word_1_227' title='bbox 1491 2426 1501 2435; x_wconf 90' lang='lat'>.</span> <span class='ocrx_word' id='word_1_228' title='bbox 1524 2425 1532 2434; x_wconf 95' lang='lat'>.</span> <span class='ocrx_word' id='word_1_229' title='bbox 1555 2395 1607 2434; x_wconf 89' lang='lat' dir='ltr'>de</span> <span class='ocrx_word' id='word_1_230' title='bbox 1635 2396 1798 2434; x_wconf 86' lang='lat' dir='ltr'>ambitu</span> <span class='ocrx_word' id='word_1_231' title='bbox 1812 2393 1846 2442; x_wconf 82' lang='lat'>&#39;3</span> 
     </span>
     <span class='ocr_line' id='line_1_27' title="bbox 174 2456 1847 2511; baseline -0.002 -12"><span class='ocrx_word' id='word_1_232' title='bbox 174 2472 305 2510; x_wconf 86' lang='lat' dir='ltr'>comp.</span> <span class='ocrx_word' id='word_1_233' title='bbox 327 2459 423 2499; x_wconf 89' lang='lat' dir='ltr'>Val.</span> <span class='ocrx_word' id='word_1_234' title='bbox 448 2459 565 2498; x_wconf 84' lang='lat' dir='ltr'>Max.</span> <span class='ocrx_word' id='word_1_235' title='bbox 586 2458 631 2498; x_wconf 87' lang='lat' dir='ltr'>ii.</span> <span class='ocrx_word' id='word_1_236' title='bbox 653 2469 692 2509; x_wconf 91' lang='lat'>4.</span> <span class='ocrx_word' id='word_1_237' title='bbox 747 2457 934 2511; x_wconf 65' lang='lat' dir='ltr'>Ambitio</span> <span class='ocrx_word' id='word_1_238' title='bbox 958 2458 1056 2496; x_wconf 89' lang='lat' dir='ltr'>here</span> <span class='ocrx_word' id='word_1_239' title='bbox 1079 2475 1116 2489; x_wconf 93' lang='lat'>=</span> <span class='ocrx_word' id='word_1_240' title='bbox 1144 2458 1446 2497; x_wconf 86' lang='lat' dir='ltr'>‘ostentatious</span> <span class='ocrx_word' id='word_1_241' title='bbox 1473 2458 1635 2509; x_wconf 85' lang='lat' dir='ltr'>display</span> <span class='ocrx_word' id='word_1_242' title='bbox 1649 2456 1659 2474; x_wconf 89' lang='lat'>&#39;</span> <span class='ocrx_word' id='word_1_243' title='bbox 1673 2471 1684 2506; x_wconf 83' lang='lat'><em>3</em></span> <span class='ocrx_word' id='word_1_244' title='bbox 1713 2458 1847 2496; x_wconf 88' lang='lat' dir='ltr'>below</span> 
     </span>
     <span class='ocr_line' id='line_1_28' title="bbox 176 2517 1845 2571; baseline -0.002 -12"><span class='ocrx_word' id='word_1_245' title='bbox 176 2520 240 2560; x_wconf 89' lang='lat' dir='ltr'>ch.</span> <span class='ocrx_word' id='word_1_246' title='bbox 277 2528 313 2571; x_wconf 84' lang='lat'>7,</span> <span class='ocrx_word' id='word_1_247' title='bbox 349 2522 709 2571; x_wconf 87' lang='lat' dir='ltr'>‘quantacumque</span> <span class='ocrx_word' id='word_1_248' title='bbox 739 2520 815 2558; x_wconf 90' lang='lat' dir='ltr'>illa</span> <span class='ocrx_word' id='word_1_249' title='bbox 849 2519 1078 2558; x_wconf 88' lang='lat' dir='ltr'>ambitione</span> <span class='ocrx_word' id='word_1_250' title='bbox 1109 2519 1263 2557; x_wconf 88' lang='lat' dir='ltr'>diffusa</span> <span class='ocrx_word' id='word_1_251' title='bbox 1300 2517 1383 2566; x_wconf 89' lang='lat' dir='ltr'>sit,&#39;</span> <span class='ocrx_word' id='word_1_252' title='bbox 1417 2519 1452 2557; x_wconf 88' lang='lat' dir='ltr'>it</span> <span class='ocrx_word' id='word_1_253' title='bbox 1487 2532 1587 2570; x_wconf 82' lang='lat' dir='ltr'>may</span> <span class='ocrx_word' id='word_1_254' title='bbox 1616 2536 1653 2550; x_wconf 94' lang='lat'><strong><em>=</em></strong></span> <span class='ocrx_word' id='word_1_255' title='bbox 1675 2518 1845 2568; x_wconf 77' lang='lat' dir='ltr'>ambitu,</span> 
     </span>
     <span class='ocr_line' id='line_1_29' title="bbox 181 2577 1663 2631; baseline 0 -11"><span class='ocrx_word' id='word_1_256' title='bbox 181 2581 353 2620; x_wconf 89' lang='lat' dir='ltr'>‘circuit</span> <span class='ocrx_word' id='word_1_257' title='bbox 366 2579 376 2597; x_wconf 92' lang='lat'>&#39;</span> <span class='ocrx_word' id='word_1_258' title='bbox 391 2595 402 2629; x_wconf 82' lang='lat'><em>3</em></span> <span class='ocrx_word' id='word_1_259' title='bbox 433 2595 478 2619; x_wconf 89' lang='lat' dir='ltr'>or</span> <span class='ocrx_word' id='word_1_260' title='bbox 496 2582 596 2620; x_wconf 88' lang='lat' dir='ltr'>bear</span> <span class='ocrx_word' id='word_1_261' title='bbox 614 2581 690 2620; x_wconf 90' lang='lat' dir='ltr'>the</span> <span class='ocrx_word' id='word_1_262' title='bbox 710 2593 828 2620; x_wconf 88' lang='lat' dir='ltr'>sense</span> <span class='ocrx_word' id='word_1_263' title='bbox 848 2580 893 2620; x_wconf 89' lang='lat' dir='ltr'>of</span> <span class='ocrx_word' id='word_1_264' title='bbox 909 2583 919 2601; x_wconf 88' lang='lat'>‘</span> <span class='ocrx_word' id='word_1_265' title='bbox 933 2584 1054 2631; x_wconf 85' lang='lat' dir='ltr'>great</span> <span class='ocrx_word' id='word_1_266' title='bbox 1073 2577 1289 2627; x_wconf 84' lang='lat' dir='ltr'>exertion,&#39;</span> <span class='ocrx_word' id='word_1_267' title='bbox 1309 2592 1354 2618; x_wconf 89' lang='lat' dir='ltr'>as</span> <span class='ocrx_word' id='word_1_268' title='bbox 1375 2580 1421 2618; x_wconf 90' lang='lat' dir='ltr'>in</span> <span class='ocrx_word' id='word_1_269' title='bbox 1439 2580 1555 2619; x_wconf 85' lang='lat' dir='ltr'>Just.</span> <span class='ocrx_word' id='word_1_270' title='bbox 1577 2580 1604 2619; x_wconf 91' lang='lat' dir='ltr'>i.</span> <span class='ocrx_word' id='word_1_271' title='bbox 1627 2590 1663 2628; x_wconf 82' lang='lat'>3.</span> 
     </span>
    </p>

    <p class='ocr_par' dir='ltr' id='par_1_7' title="bbox 179 2639 1848 2815">
     <span class='ocr_line' id='line_1_30' title="bbox 232 2639 1846 2690; baseline -0.002 -8"><span class='ocrx_word' id='word_1_272' title='bbox 232 2643 270 2682; x_wconf 88' lang='grc'>8.</span> <span class='ocrx_word' id='word_1_273' title='bbox 306 2644 561 2682; x_wconf 84' lang='lat' dir='ltr'>subscribi:</span> <span class='ocrx_word' id='word_1_274' title='bbox 601 2643 668 2681; x_wconf 91' lang='lat' dir='ltr'>‘to</span> <span class='ocrx_word' id='word_1_275' title='bbox 696 2643 748 2681; x_wconf 91' lang='lat' dir='ltr'>be</span> <span class='ocrx_word' id='word_1_276' title='bbox 777 2639 976 2681; x_wconf 89' lang='lat' dir='ltr'>allowed&#39;</span> <span class='ocrx_word' id='word_1_277' title='bbox 991 2654 1002 2690; x_wconf 91' lang='lat'>;</span> <span class='ocrx_word' id='word_1_278' title='bbox 1041 2654 1066 2680; x_wconf 86' lang='lat' dir='ltr'>a</span> <span class='ocrx_word' id='word_1_279' title='bbox 1095 2641 1320 2680; x_wconf 88' lang='lat' dir='ltr'>non-class.</span> <span class='ocrx_word' id='word_1_280' title='bbox 1352 2653 1425 2679; x_wconf 86' lang='lat' dir='ltr'>use</span> <span class='ocrx_word' id='word_1_281' title='bbox 1454 2654 1646 2679; x_wconf 91' lang='lat' dir='ltr'>common</span> <span class='ocrx_word' id='word_1_282' title='bbox 1675 2640 1721 2679; x_wconf 90' lang='lat' dir='ltr'>in</span> <span class='ocrx_word' id='word_1_283' title='bbox 1748 2641 1846 2679; x_wconf 86' lang='lat' dir='ltr'>Ter-</span> 
     </span>
     <span class='ocr_line' id='line_1_31' title="bbox 179 2695 1848 2755; baseline -0.002 -10"><span class='ocrx_word' id='word_1_284' title='bbox 179 2705 359 2745; x_wconf 84' lang='lat' dir='ltr'>tullian:</span> <span class='ocrx_word' id='word_1_285' title='bbox 390 2717 520 2755; x_wconf 90' lang='lat' dir='ltr'>comp.</span> <span class='ocrx_word' id='word_1_286' title='bbox 540 2704 604 2743; x_wconf 91' lang='lat' dir='ltr'>ch.</span> <span class='ocrx_word' id='word_1_287' title='bbox 630 2695 694 2752; x_wconf 80' lang='lat'>18,</span> <span class='ocrx_word' id='word_1_288' title='bbox 712 2705 723 2724; x_wconf 90' lang='lat'>‘</span> <span class='ocrx_word' id='word_1_289' title='bbox 738 2703 815 2743; x_wconf 89' lang='lat' dir='ltr'>hoc</span> <span class='ocrx_word' id='word_1_290' title='bbox 845 2716 1009 2755; x_wconf 89' lang='lat' dir='ltr'>quoque</span> <span class='ocrx_word' id='word_1_291' title='bbox 1037 2703 1281 2741; x_wconf 88' lang='lat' dir='ltr'>Ptolemaeo</span> <span class='ocrx_word' id='word_1_292' title='bbox 1307 2715 1332 2741; x_wconf 90' lang='lat' dir='ltr'>a</span> <span class='ocrx_word' id='word_1_293' title='bbox 1359 2703 1390 2742; x_wconf 85' lang='lat' dir='ltr'><strong>J</strong></span> <span class='ocrx_word' id='word_1_294' title='bbox 1395 2702 1540 2741; x_wconf 86' lang='lat' dir='ltr'>udaeis</span> <span class='ocrx_word' id='word_1_295' title='bbox 1569 2702 1848 2754; x_wconf 88' lang='lat' dir='ltr'>subscriptum</span> 
     </span>
     <span class='ocr_line' id='line_1_32' title="bbox 180 2763 1007 2815; baseline -0.002 -10"><span class='ocrx_word' id='word_1_296' title='bbox 180 2763 292 2813; x_wconf 87' lang='lat' dir='ltr'>est&#39;;</span> <span class='ocrx_word' id='word_1_297' title='bbox 324 2764 372 2803; x_wconf 83' lang='lat' dir='ltr'>de</span> <span class='ocrx_word' id='word_1_298' title='bbox 391 2766 498 2815; x_wconf 68' lang='lat' dir='ltr'>viry.</span> <span class='ocrx_word' id='word_1_299' title='bbox 519 2763 595 2803; x_wconf 71' lang='lat' dir='ltr'>vel.</span> <span class='ocrx_word' id='word_1_300' title='bbox 618 2774 669 2802; x_wconf 93' lang='lat'>10</span> <span class='ocrx_word' id='word_1_301' title='bbox 682 2777 693 2812; x_wconf 87' lang='lat'><strong>;</strong></span> <span class='ocrx_word' id='word_1_302' title='bbox 724 2764 772 2803; x_wconf 81' lang='lat' dir='ltr'>de</span> <span class='ocrx_word' id='word_1_303' title='bbox 791 2765 920 2803; x_wconf 74' lang='lat' dir='ltr'>anim.</span> <span class='ocrx_word' id='word_1_304' title='bbox 942 2776 1007 2813; x_wconf 90' lang='lat'>40.</span> 
     </span>
    </p>

    <p class='ocr_par' dir='ltr' id='par_1_8' title="bbox 180 2823 1848 2939">
     <span class='ocr_line' id='line_1_33' title="bbox 238 2823 1848 2876; baseline -0.001 -11"><span class='ocrx_word' id='word_1_305' title='bbox 238 2838 301 2866; x_wconf 90' lang='lat'>10.</span> <span class='ocrx_word' id='word_1_306' title='bbox 330 2838 449 2873; x_wconf 85' lang='lat' dir='ltr'>quae</span> <span class='ocrx_word' id='word_1_307' title='bbox 470 2828 736 2871; x_wconf 84' lang='lat' dir='ltr'>patricium.</span> <span class='ocrx_word' id='word_1_308' title='bbox 776 2825 991 2864; x_wconf 79' lang='lat' dir='ltr'>Cornelius</span> <span class='ocrx_word' id='word_1_309' title='bbox 1012 2824 1203 2872; x_wconf 84' lang='lat' dir='ltr'>Rufinus,</span> <span class='ocrx_word' id='word_1_310' title='bbox 1220 2823 1315 2863; x_wconf 86' lang='lat' dir='ltr'>who</span> <span class='ocrx_word' id='word_1_311' title='bbox 1329 2836 1415 2863; x_wconf 86' lang='lat' dir='ltr'>was</span> <span class='ocrx_word' id='word_1_312' title='bbox 1437 2823 1629 2876; x_wconf 86' lang='lat' dir='ltr'>expelled</span> <span class='ocrx_word' id='word_1_313' title='bbox 1648 2823 1755 2864; x_wconf 85' lang='lat' dir='ltr'>from</span> <span class='ocrx_word' id='word_1_314' title='bbox 1773 2825 1848 2872; x_wconf 85' lang='lat' dir='ltr'>the</span> 
     </span>
     <span class='ocr_line' id='line_1_34' title="bbox 180 2886 1383 2939; baseline -0.002 -11"><span class='ocrx_word' id='word_1_315' title='bbox 180 2889 333 2929; x_wconf 84' lang='lat' dir='ltr'>Sena-te</span> <span class='ocrx_word' id='word_1_316' title='bbox 352 2889 410 2939; x_wconf 81' lang='lat' dir='ltr'>by</span> <span class='ocrx_word' id='word_1_317' title='bbox 427 2888 501 2927; x_wconf 89' lang='lat' dir='ltr'>the</span> <span class='ocrx_word' id='word_1_318' title='bbox 522 2888 679 2926; x_wconf 84' lang='lat' dir='ltr'>Censor</span> <span class='ocrx_word' id='word_1_319' title='bbox 697 2887 936 2935; x_wconf 85' lang='lat' dir='ltr'>Fabricius3</span> <span class='ocrx_word' id='word_1_320' title='bbox 965 2887 1064 2925; x_wconf 89' lang='lat' dir='ltr'>Val.</span> <span class='ocrx_word' id='word_1_321' title='bbox 1085 2886 1203 2925; x_wconf 82' lang='lat' dir='ltr'>Max.</span> <span class='ocrx_word' id='word_1_322' title='bbox 1223 2886 1266 2925; x_wconf 89' lang='lat' dir='ltr'>ii.</span> <span class='ocrx_word' id='word_1_323' title='bbox 1286 2898 1324 2937; x_wconf 91' lang='lat'>9.</span> <span class='ocrx_word' id='word_1_324' title='bbox 1344 2899 1383 2937; x_wconf 89' lang='lat'>4.</span> 
     </span>
    </p>

    <p class='ocr_par' dir='ltr' id='par_1_9' title="bbox 180 2947 1852 3244">
     <span class='ocr_line' id='line_1_35' title="bbox 292 2947 1846 3000; baseline -0.002 -11"><span class='ocrx_word' id='word_1_325' title='bbox 292 2952 500 2997; x_wconf 84' lang='lat' dir='ltr'>argenti:</span> <span class='ocrx_word' id='word_1_326' title='bbox 533 2953 542 2969; x_wconf 84' lang='lat'>‘</span> <span class='ocrx_word' id='word_1_327' title='bbox 558 2949 604 2989; x_wconf 83' lang='lat' dir='ltr'>of</span> <span class='ocrx_word' id='word_1_328' title='bbox 622 2947 763 3000; x_wconf 88' lang='lat' dir='ltr'>plate.’</span> <span class='ocrx_word' id='word_1_329' title='bbox 834 2948 941 2987; x_wconf 84' lang='lat' dir='ltr'>Five</span> <span class='ocrx_word' id='word_1_330' title='bbox 965 2948 1128 2999; x_wconf 87' lang='lat' dir='ltr'>pounds</span> <span class='ocrx_word' id='word_1_331' title='bbox 1148 2961 1234 2987; x_wconf 88' lang='lat' dir='ltr'>was</span> <span class='ocrx_word' id='word_1_332' title='bbox 1253 2948 1326 2987; x_wconf 88' lang='lat' dir='ltr'>the</span> <span class='ocrx_word' id='word_1_333' title='bbox 1351 2948 1582 2987; x_wconf 85' lang='lat' dir='ltr'>maximum</span> <span class='ocrx_word' id='word_1_334' title='bbox 1609 2947 1846 3000; x_wconf 87' lang='lat' dir='ltr'>permitted,</span> 
     </span>
     <span class='ocr_line' id='line_1_36' title="bbox 180 3011 810 3061; baseline -0.005 -10"><span class='ocrx_word' id='word_1_335' title='bbox 180 3012 293 3052; x_wconf 89' lang='lat' dir='ltr'>Plin.</span> <span class='ocrx_word' id='word_1_336' title='bbox 315 3012 416 3051; x_wconf 74' lang='lat' dir='ltr'>Nat.</span> <span class='ocrx_word' id='word_1_337' title='bbox 437 3011 558 3050; x_wconf 70' lang='lat' dir='ltr'>Hist.</span> <span class='ocrx_word' id='word_1_338' title='bbox 579 3011 723 3049; x_wconf 82' lang='lat' dir='ltr'>xxxiii.</span> <span class='ocrx_word' id='word_1_339' title='bbox 746 3020 810 3061; x_wconf 85' lang='lat'>50.</span> 
     </span>
     <span class='ocr_line' id='line_1_37' title="bbox 291 3069 1821 3120; baseline -0.003 -8"><span class='ocrx_word' id='word_1_340' title='bbox 291 3086 377 3119; x_wconf 83' lang='lat' dir='ltr'>pro</span> <span class='ocrx_word' id='word_1_341' title='bbox 397 3084 566 3119; x_wconf 84' lang='lat' dir='ltr'>magno</span> <span class='ocrx_word' id='word_1_342' title='bbox 587 3074 730 3111; x_wconf 88' lang='lat' dir='ltr'>titulo</span> <span class='ocrx_word' id='word_1_343' title='bbox 755 3072 1044 3111; x_wconf 84' lang='lat' dir='ltr'>ambitionis.</span> <span class='ocrx_word' id='word_1_344' title='bbox 1114 3069 1191 3109; x_wconf 88' lang='lat' dir='ltr'>See</span> <span class='ocrx_word' id='word_1_345' title='bbox 1211 3073 1328 3109; x_wconf 88' lang='lat' dir='ltr'>notes</span> <span class='ocrx_word' id='word_1_346' title='bbox 1351 3083 1405 3109; x_wconf 92' lang='lat' dir='ltr'>on</span> <span class='ocrx_word' id='word_1_347' title='bbox 1424 3071 1589 3120; x_wconf 72' lang='lat' dir='ltr'>titulus,</span> <span class='ocrx_word' id='word_1_348' title='bbox 1609 3070 1673 3109; x_wconf 90' lang='lat' dir='ltr'>ch.</span> <span class='ocrx_word' id='word_1_349' title='bbox 1699 3081 1735 3120; x_wconf 86' lang='lat'>2,</span> <span class='ocrx_word' id='word_1_350' title='bbox 1755 3082 1821 3120; x_wconf 88' lang='lat'>44.</span> 
     </span>
     <span class='ocr_line' id='line_1_38' title="bbox 243 3130 1470 3184; baseline 0 -12"><span class='ocrx_word' id='word_1_351' title='bbox 243 3144 306 3184; x_wconf 87' lang='lat'>15.</span> <span class='ocrx_word' id='word_1_352' title='bbox 334 3147 500 3180; x_wconf 83' lang='lat' dir='ltr'>parum</span> <span class='ocrx_word' id='word_1_353' title='bbox 520 3137 589 3173; x_wconf 86' lang='lat' dir='ltr'>est</span> <span class='ocrx_word' id='word_1_354' title='bbox 611 3137 674 3172; x_wconf 83' lang='lat' dir='ltr'>si:</span> <span class='ocrx_word' id='word_1_355' title='bbox 705 3132 766 3171; x_wconf 83' lang='lat' dir='ltr'>‘it</span> <span class='ocrx_word' id='word_1_356' title='bbox 786 3146 893 3171; x_wconf 86' lang='lat' dir='ltr'>were</span> <span class='ocrx_word' id='word_1_357' title='bbox 914 3131 958 3171; x_wconf 90' lang='lat' dir='ltr'>of</span> <span class='ocrx_word' id='word_1_358' title='bbox 973 3132 1086 3171; x_wconf 87' lang='lat' dir='ltr'>little</span> <span class='ocrx_word' id='word_1_359' title='bbox 1106 3135 1293 3171; x_wconf 87' lang='lat' dir='ltr'>moment</span> <span class='ocrx_word' id='word_1_360' title='bbox 1316 3131 1352 3170; x_wconf 84' lang='lat' dir='ltr'>if</span> <span class='ocrx_word' id='word_1_361' title='bbox 1371 3162 1379 3171; x_wconf 91' lang='lat'>.</span> <span class='ocrx_word' id='word_1_362' title='bbox 1403 3162 1412 3170; x_wconf 93' lang='lat'>.</span> <span class='ocrx_word' id='word_1_363' title='bbox 1436 3162 1445 3172; x_wconf 88' lang='lat'>.</span> <span class='ocrx_word' id='word_1_364' title='bbox 1459 3130 1470 3148; x_wconf 88' lang='lat'>&#39;</span> 
     </span>
     <span class='ocr_line' id='line_1_39' title="bbox 242 3190 1852 3244; baseline -0.002 -11"><span class='ocrx_word' id='word_1_365' title='bbox 242 3195 304 3236; x_wconf 90' lang='lat'>16.</span> <span class='ocrx_word' id='word_1_366' title='bbox 334 3198 665 3235; x_wconf 85' lang='lat' dir='ltr'>libertinorum</span> <span class='ocrx_word' id='word_1_367' title='bbox 681 3208 689 3235; x_wconf 93' lang='lat'>:</span> <span class='ocrx_word' id='word_1_368' title='bbox 719 3197 730 3217; x_wconf 91' lang='lat'>‘</span> <span class='ocrx_word' id='word_1_369' title='bbox 743 3194 954 3233; x_wconf 84' lang='lat' dir='ltr'>freedmen</span> <span class='ocrx_word' id='word_1_370' title='bbox 966 3191 997 3242; x_wconf 86' lang='lat'>’3</span> <span class='ocrx_word' id='word_1_371' title='bbox 1018 3193 1253 3233; x_wconf 87' lang='lat' dir='ltr'>Tertullian</span> <span class='ocrx_word' id='word_1_372' title='bbox 1266 3194 1383 3244; x_wconf 85' lang='lat' dir='ltr'>gives</span> <span class='ocrx_word' id='word_1_373' title='bbox 1400 3206 1455 3233; x_wconf 92' lang='lat' dir='ltr'>an</span> <span class='ocrx_word' id='word_1_374' title='bbox 1470 3193 1661 3232; x_wconf 85' lang='lat' dir='ltr'>instance</span> <span class='ocrx_word' id='word_1_375' title='bbox 1676 3192 1725 3232; x_wconf 82' lang='lat' dir='ltr'>de</span> <span class='ocrx_word' id='word_1_376' title='bbox 1735 3190 1852 3244; x_wconf 75' lang='lat' dir='ltr'>pall.</span> 
     </span>
    </p>
   </div>
  </div>
 </body>
</html>
