2154 3564
230 183 514 236 01Ρ;Χ11ν.]
589 176 850 228 adversus
895 176 1086 228 Gentes
1111 184 1217 242 pro
1259 175 1603 230 Christianis.
1783 192 1879 244 131

835 423 1059 472 CAPUT
1096 423 1285 470 XLIII.

296 557 475 603 PLANE
524 556 800 614 confitebor,
844 555 1056 618 quinam,
1106 555 1148 603 si
1193 555 1332 612 forte,
1376 571 1487 602 vere
1527 555 1585 602 de
1633 555 1891 604 sterilitate

230 637 621 686 Christianorum
647 638 877 700 conqueri
901 637 1101 701 possint.
1172 636 1330 683 Primi
1368 640 1513 684 erunt
1547 636 1757 695 lenones,
1785 654 1890 700 per-

228 720 466 778 ductoreS,
494 720 744 782 aquarioli,
770 726 875 767 tum
905 719 1082 777 sicarii,
1108 718 1370 777 venenarii,
1396 717 1537 780 magi,
1562 718 1680 766 item
1703 719 1890 777 harioli,

227 800 515 864 haruspices,
543 801 886 848 mathematici.
952 801 1045 847 His
1070 800 1393 848 infructuosos
1418 817 1518 847 esse
1543 817 1746 862 magnus
1769 801 1891 848 fruc·
1910 826 1931 863 5

228 888 309 931 tus
335 888 424 931 est.
494 884 563 930 Et
591 888 756 930 tamen
793 883 1126 945 quodcumque
1162 882 1467 945 dispendium
1503 887 1576 929 est
1610 882 1682 929 rei
1706 887 1892 930 vestrae

228 983 316 1029 per
356 966 480 1013 hanc
522 969 717 1023 sectam,
755 983 866 1012 cum
901 965 1065 1027 aliquo
1104 965 1275 1026 utique
1317 964 1557 1028 praesidio
1594 965 1895 1028 compensari

227 1053 401 1111 potest.
473 1047 661 1109 Quanti
684 1048 885 1106 habetis,
912 1064 1007 1094 non
1032 1047 1137 1094 dico
1163 1047 1248 1110 qui
1273 1049 1375 1109 jam
1399 1047 1457 1094 de
1481 1047 1619 1094 vobis
1646 1047 1896 1095 daemonia

227 1130 491 1190 excutiant,
535 1148 631 1177 non
673 1130 780 1178 dico
823 1133 925 1192 jam
967 1130 1051 1193 qui
1090 1147 1178 1192 pro
1223 1131 1359 1178 vobis
1402 1147 1594 1193 quoque
1636 1147 1750 1178 vero
1792 1130 1895 1176 Deo

228 1229 392 1276 preces
427 1216 659 1271 sternant,
689 1212 802 1274 quia
839 1213 964 1259 forte
1000 1229 1098 1259 non
1134 1213 1348 1271 creditis,
1376 1213 1459 1260 sed
1494 1231 1522 1260 a
1557 1212 1737 1276 quibus
1773 1212 1895 1259 nihil
1916 1234 1964 1261 10

230 1294 401 1342 timere
424 1293 631 1357 possitis.

842 1473 1069 1522 CAPUT
1106 1474 1286 1522 XLIV.

299 1591 376 1639 A'r
400 1591 527 1640 enim
552 1592 675 1639 illud
700 1591 1046 1639 detrimentum
1077 1591 1387 1655 reipublicae,
1414 1596 1517 1639 tam
1545 1592 1727 1654 grande
1753 1609 1898 1655 quam

230 1690 413 1732 verum,
457 1691 599 1720 nemo
643 1673 984 1736 circumspicit,
1027 1673 1160 1721 illam
1203 1673 1437 1735 injuriam
1479 1674 1694 1722 civitatis
1735 1674 1898 1722 nullus

229 1755 476 1818 expendit,
502 1772 654 1817 quum
690 1759 766 1802 tot
796 1755 919 1816 justi
955 1755 1299 1818 impendimur,
1325 1773 1473 1819 quum
1508 1760 1582 1803 tot
1618 1756 1897 1804 innocentes
1919 1772 1965 1811 15

229 1854 498 1900 erogamur.
570 1838 767 1884 Vestros
804 1837 930 1884 enim
961 1840 1063 1900 jam
1104 1842 1434 1885 contestamur
1468 1842 1618 1896 actus,
1657 1838 1742 1901 qui
1781 1855 1897 1899 quo-

228 1919 349 1967 tidie
392 1919 666 1981 judicandis
709 1919 939 1966 custodiis
981 1918 1281 1981 praesidetis,
1324 1920 1410 1983 qui
1451 1920 1704 1968 sententiis
1745 1919 1899 1982 elogia

229 2001 534 2063 dispungitis.
605 2001 696 2047 Tot
732 2018 759 2048 a
794 2001 933 2049 vobis
969 2008 1193 2049 nocentes
1234 2002 1382 2049 variis
1426 2002 1682 2049 criminum
1725 2001 1895 2065 elogiis

228 2086 578 2141 recensentur3
640 2083 749 2145 quis
797 2083 899 2131 illic
949 2083 1162 2142 sicarius,
1207 2084 1317 2146 quis
1364 2084 1747 2142 manticularius‚
1790 2083 1899 2146 quis

228 2165 506 2227 sacrilegus,
531 2169 619 2211 aut
651 2170 917 2227 corruptor,
946 2171 1031 2213 aut
1061 2166 1331 2213 lavantium
1367 2166 1560 2228 praedo,
1590 2167 1719 2213 idem
1751 2166 1897 2213 etiam
1918 2183 1968 2210 20

232 2246 542 2294 Christianus
566 2246 893 2295 adscribitur‘z
930 2251 1018 2295 aut
1048 2265 1157 2295 cum
1183 2247 1455 2295 Christiani
1479 2265 1563 2295 suo
1588 2247 1734 2295 titulo
1760 2246 1897 2294 offer-

288 2390 323 2416 2.
354 2380 412 2416 de
433 2380 686 2417 sterilitate
709 2396 746 2409 =
766 2379 1027 2429 ioffructuosi
1046 2379 1094 2416 in
1114 2380 1291 2430 neyotiis
1311 2378 1355 2416 of
1369 2378 1592 2430 preceding
1610 2378 1794 2429 chapter.

288 2451 324 2488 3.
355 2442 504 2478 Primi
523 2444 662 2478 erunt
682 2443 890 2478 lenones.
948 2441 1091 2491 Gomp.
1112 2441 1163 2479 de
1182 2441 1283 2480 idol.
1298 2441 1479 2492 passim.

289 2512 324 2551 5.
354 2504 697 2541 mathematici:
731 2501 1026 2554 ‘astrologers.’
1083 2502 1162 2541 See
1190 2506 1289 2541 note
1318 2516 1372 2541 on
1401 2502 1533 2541 astris
1558 2501 1621 2540 ch.
1653 2513 1699 2550 13
1735 2502 1819 2540 and
1846 2515 1899 2540 on

233 2562 285 2602 de
310 2562 483 2601 Caesare
503 2564 640 2612 eapite
659 2563 910 2608 consultant,
930 2564 993 2601 ch.
1017 2574 1080 2614 35.

289 2625 327 2663 8.
360 2626 416 2662 de
435 2627 572 2662 vobis
593 2627 841 2663 daemonia
861 2627 1114 2663 excutiant.
1173 2625 1316 2676 Comp.
1337 2624 1401 2663 ch.
1426 2636 1445 2662 2
1453 2635 1488 2673 3,
1514 2635 1580 2673 32,
1604 2632 1666 2675 37.

292 2697 355 2724 10.
385 2698 413 2724 a
431 2688 603 2731 quibus
623 2688 748 2724 nihil
766 2689 932 2725 timere
951 2689 1159 2731 possitis.
1218 2687 1359 2737 Comp.
1382 2686 1443 2724 ch.
1469 2694 1536 2737 37.

292 2746 354 2787 16.
385 2759 640 2792 erogamur.
697 2747 895 2798 Eroyare,
910 2748 975 2786 lit.
998 2766 1035 2779 =
1062 2750 1071 2767 ‘
1085 2752 1129 2786 to
1149 2748 1279 2799 spend
1294 2747 1303 2764 ’
1321 2761 1330 2795 3
1360 2748 1443 2785 and
1463 2760 1507 2785 so
1527 2746 1573 2785 of
1585 2745 1660 2785 life
1679 2751 1813 2798 spent,
1831 2748 1841 2767 ‘
1855 2750 1899 2786 to

238 2806 437 2859 destroy‚’
458 2821 503 2847 as
522 2808 635 2857 here,
656 2809 739 2847 and
758 2809 820 2848 ch.
843 2810 895 2859 48
911 2822 921 2856 ;
950 2810 1000 2848 de
1019 2813 1141 2860 spect.
1167 2821 1213 2847 12
1231 2823 1241 2858 3
1270 2810 1319 2849 de
1332 2822 1518 2861 praescr.
1538 2808 1647 2848 haer.
1672 2820 1708 2847 2.

293 2878 355 2921 17.
385 2870 623 2909 custodiis.
682 2869 759 2909 See
776 2876 887 2918 note,
909 2869 973 2909 ch.
995 2882 1033 2921 9.

345 2933 428 2978 qui
457 2933 708 2970 sententiis
737 2934 891 2978 elogia
915 2934 1216 2978 dispungitis.
1275 2931 1352 2971 See
1372 2936 1471 2971 note
1491 2945 1545 2971 on
1564 2931 1813 2983 dispunctio,
1835 2931 1897 2971 ch.

242 2995 315 3040 183
345 2993 429 3032 and
448 3006 501 3031 on
521 2993 709 3043 eloyium,
732 2993 795 3032 ch.
820 3005 854 3031 2.

297 3066 359 3094 20.
388 3056 652 3093 lavantium
679 3057 866 3100 praedo.
925 3054 968 3092 A
987 3068 1089 3106 very
1108 3068 1295 3094 common
1321 3055 1428 3094 class
1448 3054 1493 3093 of
1507 3054 1625 3103 thies,
1645 3054 1829 3105 relating
1855 3057 1901 3092 to

239 3116 375 3156 whom
397 3129 463 3154 see
481 3116 555 3154 the
575 3117 733 3154 section
752 3117 797 3154 in
816 3116 889 3155 the
908 3117 1059 3168 Digest
1076 3117 1311 3168 defuribas
1331 3116 1576 3165 balneariis,
1596 3117 1713 3154 xlvii.
1739 3123 1799 3166 17.

297 3189 360 3216 21.
390 3190 476 3217 suo
504 3179 649 3218 titulo
678 3180 963 3219 offeruntur:
997 3181 1007 3200 ‘
1022 3192 1095 3217 are
1121 3179 1303 3231 brought
1330 3180 1419 3218 into
1444 3183 1563 3219 court
1589 3192 1643 3217 on
1670 3178 1783 3218 their
1808 3189 1902 3216 own

1040 3264 1130 3295 ΚΖ
