2154 3564
207 216 303 253 CAP.
324 209 436 260 XII]
522 200 783 253 adversus
828 201 1020 253 Gentes
1044 210 1148 268 pro
1191 201 1535 255 Christiani&
1793 217 1859 271 47

205 342 400 406 quidem
434 359 604 392 massa.
676 344 737 390 In
773 344 967 391 metalla
1004 343 1315 391 damnamur:
1354 343 1466 390 inde
1502 349 1758 392 censentur
1794 340 1871 392 diiv

205 424 370 472 Vestri.
440 425 500 470 In
546 424 731 472 insulas
773 425 1073 486 relegamur:
1128 425 1250 472 solet
1293 429 1342 471 et
1383 424 1434 471 in
1475 425 1646 473 insulis
1687 427 1865 489 aliquis

205 506 321 553 deus
339 509 498 553 vester
521 510 607 553 aut
631 507 761 554 nasci
786 511 871 554 aut
895 506 1035 555 mori.
1097 505 1149 554 Si
1173 523 1259 568 per
1282 506 1400 554 haec
1421 512 1610 554 constat
1635 507 1865 555 divinitas

205 587 381 650 aliqua,
419 605 532 650 ergo
569 587 653 650 qui
688 588 965 651 puniuntur
1001 592 1354 647 consecrantur,
1395 594 1443 635 et
1478 589 1679 636 numina
1722 594 1866 636 erunt

206 669 407 717 dicenda
446 670 694 733 supplicia.
768 670 862 719 Sed
896 671 1037 733 plane
1073 687 1170 717 non
1206 671 1423 718 sentiunt
1459 671 1544 718 has
1580 671 1783 733 injurias
1819 677 1866 718 et
1884 690 1905 730 5

205 752 521 799 contumelias
557 769 669 800 suae
702 751 1032 799 fabricationis
1057 751 1128 798 dii
1151 752 1318 810 vestri,
1346 753 1471 800 sicut
1504 769 1590 800 nec
1627 753 1866 814 obsequia.

207 833 251 881 O
281 833 456 896 impiae
481 851 634 892 voces,
663 851 689 881 0
720 834 951 896 sacrilega
986 833 1229 881 convicia!
1266 834 1540 892 infrendite,
1566 834 1839 897 inspumate
1857 836 1877 882 l.

206 914 355 962 iidem
385 915 515 975 estis,
543 916 628 978 qui
653 915 879 964 Senecam
903 915 1113 978 aliquem
1144 916 1368 978 pluribus
1394 921 1442 963 et
1467 916 1785 963 amarioribus
1810 917 1868 963 de

206 1003 367 1045 vestra
414 999 757 1061 superstitione
803 1002 1109 1060 perorantem
1154 998 1548 1060 reprehendistis.
1620 998 1780 1060 Igitur
1828 997 1869 1046 si

207 1083 392 1127 statuas
429 1085 478 1127 et
514 1080 747 1143 imagines
787 1079 989 1142 frigidas
1024 1084 1328 1126 mortuorum
1362 1096 1558 1127 suorum
1600 1080 1868 1128 simillimas
1887 1096 1937 1124 10

207 1178 303 1208 non
337 1163 604 1221 adoramus,
643 1179 761 1224 quas
797 1161 934 1209 milvi
969 1164 1017 1208 et
1051 1178 1211 1209 mures
1248 1166 1297 1209 et
1334 1179 1534 1209 araneae
1569 1162 1870 1224 intelligunt,

207 1260 366 1291 nonne
406 1244 600 1291 laudem
641 1243 809 1306 magis,
849 1260 995 1304 quam
1038 1260 1253 1306 poenam,
1297 1244 1574 1290 merebatur
1614 1245 1871 1307 repudium

207 1325 364 1388 agniti
406 1325 620 1372 erroris‘}
697 1326 957 1373 Possumus
1004 1325 1132 1372 enim
1178 1325 1334 1373 videri
1380 1326 1570 1374 laedere
1617 1344 1706 1386 eos,
1751 1345 1870 1390 quos

208 1531 350 1567 manet
391 1531 433 1567 et
472 1528 573 1567 olim
612 1540 757 1566 eversa
797 1531 861 1566 est
900 1527 1128 1574 Caelestis3
1179 1527 1278 1578 quia
1319 1540 1405 1566 non
1442 1528 1524 1567 fuit
1570 1528 1760 1568 caelestis
1799 1530 1872 1568 sed

207 1587 444 1629 terrestris?
500 1590 578 1629 See
617 1590 841 1640 Dollinger
891 1589 1014 1629 Gent.
1056 1589 1144 1627 and
1179 1589 1215 1628 J
1214 1603 1270 1628 ew
1311 1589 1338 1628 i.
1378 1590 1479 1640 4383
1531 1591 1714 1629 Milman
1751 1591 1868 1630 Hist.

209 1652 367 1693 Christ.
389 1652 432 1690 ii.
458 1659 546 1702 175.

267 1724 301 1751 1.
335 1716 394 1751 In
413 1716 603 1752 metalla
628 1715 916 1752 damnamur.
974 1714 986 1735 ‘
1004 1713 1084 1751 We
1105 1725 1175 1751 are
1197 1713 1456 1752 condemned
1478 1717 1525 1753 to
1545 1714 1618 1753 the
1637 1715 1771 1754 mines
1789 1728 1797 1754 :
1829 1715 1867 1753 it

208 1775 243 1813 is
263 1774 368 1813 from
388 1775 538 1813 thence
558 1774 654 1813 that
673 1788 779 1825 your
797 1774 899 1826 gods
920 1773 1064 1813 derive
1084 1774 1199 1813 their
1218 1774 1345 1826 being
1358 1772 1391 1823 '3
1422 1788 1488 1814 see
1512 1780 1614 1815 note
1641 1789 1694 1815 on
1713 1790 1866 1822 census,

209 1835 273 1875 ch.
298 1846 344 1887 73
375 1836 459 1875 and
477 1836 624 1884 below,
647 1836 710 1874 ch.
733 1848 796 1887 29.
841 1836 929 1874 The
948 1835 1110 1874 marble
1134 1837 1323 1887 quai-ries
1345 1836 1390 1875 of
1405 1837 1478 1876 the
1498 1837 1766 1886 Chersonese,
1787 1837 1871 1876 and

208 1897 285 1937 the
316 1897 448 1935 mines
476 1897 523 1935 in
551 1896 694 1948 Sicily,
724 1897 863 1948 Spain,
895 1897 1158 1945 Macedonia,
1193 1898 1277 1936 and
1305 1898 1467 1937 Arabia
1494 1912 1604 1938 were
1632 1899 1872 1950 frequently

210 1960 394 2000 selected
412 1959 476 1999 for
495 1960 568 1998 the
587 1960 711 2010 penal
731 1959 943 1998 servitude
964 1959 1009 1998 of
1024 1959 1239 1999 Christian
1264 1961 1492 2000 confessors
1510 1975 1520 2010 3
1549 1960 1701 2001 Euseb.
1724 1962 1780 2000 iv.
1805 1974 1823 1999 2
1831 1973 1870 2011 3,

210 2022 301 2061 viii.
345 2033 392 2071 13
412 2035 422 2070 3
468 2021 600 2060 Mart.
640 2020 781 2072 Polyc.
824 2023 846 2061 8
866 2035 876 2070 3
919 2022 1116 2073 Cyprian.
1156 2021 1295 2073 Epist.
1335 2023 1481 2071 lxxvii,
1528 2024 1653 2072 lxxx3
1693 2023 1871 2062 Tertull.

210 2083 383 2134 depall.
400 2094 422 2132 3
442 2096 451 2130 3
474 2083 521 2121 de
537 2082 752 2134 calasanz.
769 2083 795 2122 i.
816 2093 837 2133 5
856 2096 1010 2134 3comp.
1024 2082 1240 2133 Lightfoot
1256 2083 1383 2124 Olem.
1398 2084 1516 2123 Rom.
1532 2085 1560 2124 i.
1581 2096 1681 2136 2903
1702 2085 1786 2123 and
1798 2084 1871 2122 the

210 2144 297 2184 Lit.
331 2143 376 2183 of
404 2145 552 2195 Apost.
586 2144 764 2182 Gonstit.
805 2143 890 2182 and
922 2143 967 2182 of
996 2144 1036 2183 S.
1068 2144 1197 2183 Mark
1236 2144 1282 2183 in
1322 2145 1600 2185 Hammond’s
1644 2145 1870 2197 Liturffl'es,

210 2219 278 2257 pp.
301 2219 339 2257 9,
365 2206 453 2244 181.
592 2209 597 2216 ¹

270 2280 305 2307 2.
336 2270 397 2305 In
419 2268 598 2305 insulas
633 2269 908 2312 relegamur.
967 2265 1056 2305 The
1092 2266 1250 2306 islands
1284 2267 1421 2306 round
1459 2267 1532 2307 the
1571 2268 1691 2307 shore
1726 2267 1771 2306 of
1797 2269 1870 2307 the

212 2329 557 2369 Mediterranean
575 2342 685 2367 were
704 2328 778 2367 the
798 2328 919 2367 usual
938 2328 1077 2379 places
1098 2329 1143 2367 of
1166 2329 1435 2368 banishment
1462 2331 1595 2368 under
1614 2330 1686 2369 the
1705 2330 1871 2369 Roman

213 2392 369 2442 empire
385 2403 394 2437 3
424 2404 553 2441 comp.
574 2391 637 2430 ch.
662 2402 698 2438 1,
718 2391 791 2429 ‘in
810 2390 959 2429 insulis
980 2390 1267 2440 Christianos,'
1288 2392 1372 2430 and
1391 2392 1453 2430 ch.
1478 2399 1541 2442 37.

269 2463 304 2501 3.
337 2455 450 2490 deus
484 2456 642 2490 vester
669 2456 750 2490 aut
784 2453 914 2490 nasci
944 2456 1025 2490 aut
1058 2455 1204 2492 mori:
1237 2466 1269 2492 e.
1281 2465 1323 2502 9.
1357 2452 1513 2503 Apollo
1547 2452 1631 2491 and
1660 2453 1798 2491 Diana
1825 2451 1871 2490 in

214 2513 341 2552 Delos
359 2526 368 2560 3
397 2514 427 2552 J
432 2526 514 2551 uno
533 2513 579 2550 in
598 2512 741 2551 Samos
759 2526 769 2560 3
798 2513 970 2563 Jupiter
989 2513 1035 2550 in
1054 2513 1202 2560 Crete3
1232 2526 1362 2564 comp.
1384 2513 1446 2551 ch.
1472 2525 1536 2565 29,
1558 2526 1623 2564 40.

270 2584 306 2624 5.
340 2576 433 2612 Sed
451 2577 589 2619 plane
610 2586 706 2612 non
726 2575 954 2613 sentiunt.
1012 2573 1153 2624 Comp.
1176 2573 1238 2612 ch.
1264 2585 1325 2621 25.

270 2636 307 2673 8.
341 2637 587 2674 Senecam:
617 2635 662 2672 in
680 2634 745 2673 his
764 2634 872 2673 book
891 2635 942 2673 de
960 2635 1258 2685 superstitione
1276 2635 1575 2684 Romanorum,
1594 2635 1732 2674 which
1752 2635 1788 2674 is
1807 2649 1870 2674 re-

212 2698 351 2738 ferred
369 2702 414 2737 to
432 2698 489 2750 by
507 2698 689 2748 August.
712 2698 760 2737 de
780 2699 855 2736 civ.
877 2699 962 2737 Dei
979 2699 1036 2738 vi.
1061 2710 1125 2737 10.

336 2762 418 2805 qui
440 2788 449 2797 .
470 2789 480 2798 .
503 2789 512 2797 .
531 2761 916 2804 reprehendistis.
972 2759 1073 2798 This
1104 2760 1139 2798 is
1170 2760 1215 2798 of
1236 2773 1379 2798 course
1404 2759 1591 2800 ironical.
1649 2761 1740 2800 One
1774 2760 1867 2800 MS.

213 2821 335 2860 reads
357 2820 570 2871 probetis3
600 2820 739 2859 others
766 2821 898 2859 insert
925 2834 1033 2869 non3
1063 2834 1193 2872 comp.
1224 2821 1289 2861 ch.
1321 2820 1387 2872 46,
1421 2823 1432 2842 ‘
1450 2821 1561 2868 Quin
1589 2822 1673 2861 imo
1699 2826 1741 2861 et
1771 2823 1868 2862 deos

213 2887 375 2922 vestros
395 2882 535 2933 palam
555 2882 779 2920 destruunt
798 2911 808 2921 .
831 2912 839 2920 .
865 2912 874 2921 .
890 2881 1160 2920 laudantibus
1181 2879 1326 2921 vobis.'

273 2956 332 2984 11.
364 2957 478 2990 quas
498 2945 636 2981 milvi
659 2971 668 2981 .
691 2974 700 2983 .
724 2974 733 2983 .
754 2945 1046 2989 intelligunt.
1104 2944 1214 2983 Min.
1229 2944 1350 2982 Felix
1368 2955 1431 2994 24,
1446 2958 1560 2984 more
1580 2945 1866 2998 particularly,

214 3006 227 3026 ‘
243 3005 286 3043 in
308 3006 398 3057 ipso
419 3004 486 3043 dei
506 3005 637 3043 vestri
656 3018 725 3043 ore
744 3005 978 3044 nidificant.
1034 3005 1229 3044 Araneae
1253 3019 1349 3045 vero
1368 3005 1519 3045 faciem
1547 3007 1636 3058 ejus
1655 3007 1865 3055 intexunt,

212 3071 256 3106 et
275 3067 326 3106 de
345 3068 432 3118 ipso
452 3066 588 3117 capite
609 3079 683 3104 sua
702 3066 774 3105 fila
793 3064 1080 3117 suspendunt.'

337 3130 625 3175 intelligunt,
648 3133 658 3149 ⁶
674 3128 781 3167 have
799 3141 856 3167 an
876 3132 1068 3168 accurate
1082 3128 1331 3181 knowledge
1353 3127 1416 3169 of'
1430 3142 1443 3180 3
1471 3142 1602 3181 comp.
1624 3129 1688 3171 ch.
1716 3140 1780 3178 30,
1802 3138 1812 3155 ⁸
1825 3132 1868 3168 et

212 3190 275 3230 ita
294 3189 436 3229 Deum
453 3189 726 3241 intelligunt!
787 3191 788 3195 ’
