2154 3564
225 181 321 218 ΟΜ».
343 175 515 226 XVIII]
555 166 814 219 adversus
857 166 1048 218 Gentes
1074 177 1179 233 pro
1224 167 1566 220 Christianis.
1825 171 1886 220 61

225 308 427 355 DEUM
470 307 698 366 nominat,
735 308 825 355 1100
866 308 965 354 0010
1001 306 1209 362 nomine,
1248 307 1364 369 quia
1397 309 1592 371 proprio
1631 310 1725 357 Dei
1761 312 1891 359 veri:

225 391 371 437 Dnus
397 403 623 449 MAGNUS,
649 405 782 437 nnus
807 405 987 449 13011110,
1015 394 1065 437 et
1091 403 1229 443 QUOD
1259 404 1391 437 nnus
1417 406 1656 449 nnnnnrr,
1685 394 1896 441 omnium

225 488 322 520 vox
350 475 436 519 est.
508 472 732 519 Judicem
758 488 947 535 quoque
984 475 1286 519 contestatur
1309 472 1466 530 illum,
1495 487 1628 521 nnus
1655 489 1828 532 VIDET,
1850 480 1898 522 et

226 567 328 601 1)Εο
376 567 677 612 COMMENDO,
727 558 776 601 et
826 568 958 601 nnus
1002 567 1127 600 MIHI
1174 568 1397 601 REDDET.
1485 554 1526 602 O
1565 555 1895 603 testimonium

227 634 414 683 animae
439 635 733 682 naturaliter
759 635 1067 682 Christianae
1090 636 1098 681 1
1172 635 1397 697 Denique
1421 637 1743 699 pronuntians
1768 638 1896 696 haec,
1914 658 1934 698 5

226 734 325 764 non
366 716 428 763 ad
468 716 781 779 Capitolium,
823 716 905 764 sed
947 717 1009 763 ad
1057 716 1245 764 caelum
1291 717 1505 779 respicit.
1576 719 1728 767 Novit
1771 721 1897 767 enim

228 799 386 847 sedem
411 799 505 846 Dei
529 798 660 858 vivi3
699 800 758 846 ab
784 799 867 845 illo
893 803 941 845 et
966 798 1080 845 inde
1107 798 1368 846 descendit.

832 962 1059 1011 CAPUT
1108 964 1301 1012 XVIII.

298 1062 403 1111 SED
442 1080 535 1126 quo
581 1063 770 1126 plenius
807 1069 855 1110 et
897 1063 1176 1125 impressius
1214 1069 1318 1111 tam
1355 1064 1516 1128 ipsum
1559 1067 1899 1130 dispositiones

229 1148 334 1207 ejus
350 1149 399 1193 et
413 1145 692 1193 voluntates
712 1145 968 1205 adiremus,
984 1148 1364 1194 instrumentum
1384 1148 1561 1210 adjecit
1579 1149 1899 1209 litteraturae,
1921 1177 1969 1203 10

231 1228 270 1274 si
296 1228 380 1290 qui
395 1227 517 1275 velit
541 1227 599 1274 de
620 1228 724 1274 Deo
748 1228 1010 1290 inquirere,
1027 1232 1077 1276 et
1100 1228 1335 1291 inquisito
1359 1230 1591 1288 invenire,
1610 1236 1659 1279 et
1682 1232 1899 1292 invento,

231 1310 436 1367 credere,
463 1312 512 1356 et
548 1309 733 1356 credito
771 1309 1028 1358 deservire.
1099 1310 1244 1358 Viros
1282 1312 1414 1359 enim
1443 1313 1647 1374 justi-tia
1680 1319 1728 1362 et
1766 1315 1900 1362 inno-

230 1388 388 1435 centia
413 1388 584 1450 dignos
620 1388 783 1435 Deum
807 1405 944 1436 nosse
971 1394 1019 1436 et
1043 1390 1296 1437 ostendere
1322 1407 1350 1437 a
1373 1391 1637 1453 primordio
1662 1393 1712 1440 in
1737 1410 1901 1441 saecu—

229 1470 331 1517 lum
354 1469 515 1517 emisit
550 1469 730 1533 spiritu
765 1470 931 1519 divino
966 1471 1241 1529 inundatos,
1268 1489 1362 1534 quo
1386 1473 1720 1536 praedicarent
1744 1476 1902 1523 Deum

231 1551 428 1599 unicum
454 1568 568 1610 esse,
596 1552 683 1613 qui
718 1552 946 1600 universa
972 1553 1258 1611 condiderit,
1285 1554 1369 1616 qui
1402 1555 1645 1602 hominem
1670 1557 1728 1603 de
1756 1557 1901 1604 humo
1920 1575 1968 1616 15

232 1633 500 1692 struxerit3
550 1634 628 1681 hic
667 1634 798 1681 enim
837 1639 911 1682 est
951 1652 1095 1683 verus
1135 1636 1481 1696 Prometheus3
1534 1638 1619 1699 qui
1660 1639 1901 1685 saeculum

289 1777 325 1803 2.
355 1768 481 1803 Deus
503 1777 713 1814 magnus,
750 1770 823 1805 etc.
881 1766 1015 1805 These
1049 1767 1307 1817 expressions
1345 1780 1417 1806 are
1455 1769 1617 1807 termed
1656 1769 1898 1821 ‘ingenitae

231 1827 510 1867 conscientiae
538 1828 671 1867 tacita
700 1826 946 1874 commissa‚’
978 1829 1029 1867 de
1059 1831 1148 1867 test.
1180 1830 1306 1869 anim.
1331 1840 1378 1880 5;
1409 1843 1541 1881 comp.
1565 1831 1615 1869 de
1634 1830 1738 1883 vz'ry.
1760 1832 1835 1873 vel.
1858 1844 1895 1883 5,

231 1892 243 1911 ‘
262 1891 377 1929 Hinc
397 1903 493 1941 ergo
512 1890 644 1929 tacita
672 1891 924 1930 conscientia
950 1894 1139 1939 naturae,
1162 1891 1252 1942 ipsa
1281 1892 1483 1931 divinitas
1512 1894 1677 1931 animae
1707 1895 1750 1932 in
1779 1908 1900 1933 usum

233 1952 436 1991 sermonis
452 1950 626 2001 eduxit,'
649 1954 725 1991 etc.
783 1953 822 1991 S.
844 1952 1028 2004 Cyprian
1047 1953 1122 1991 has
1142 1953 1218 1991 the
1239 1966 1351 1992 same
1370 1958 1593 2005 argument
1614 1955 1665 1993 de
1683 1956 1786 1994 idol.
1801 1969 1897 1996 van.

233 2026 271 2064 9,
296 2019 305 2035 ‘
323 2014 438 2052 Nam
458 2017 501 2052 et
521 2013 673 2064 vulgus
694 2013 739 2052 in
753 2014 901 2053 multis
915 2014 1053 2053 Deum
1065 2015 1320 2054 naturaliter
1333 2015 1584 2064 confitetur,'
1598 2019 1674 2056 ete.
1696 2030 1705 2066 3
1735 2018 1898 2058 Minue.

232 2076 322 2115 Fel.
346 2085 397 2125 53
427 2075 586 2113 Arnob.
608 2075 652 2114 ii.
676 2087 712 2114 2.

287 2150 325 2189 4.
360 2139 398 2176 O
414 2138 739 2176 testimonium
756 2138 952 2176 animae.
1001 2138 1145 2189 Gomp.
1164 2138 1215 2176 de
1235 2141 1327 2177 test.
1350 2139 1479 2178 anim.
1500 2150 1537 2189 1,
1568 2141 1580 2160 ‘
1596 2139 1766 2179 Novum
1781 2142 1898 2179 testi-

236 2198 423 2238 monium
442 2198 598 2237 advoco
616 2227 624 2235 .
644 2228 653 2238 .
670 2228 679 2236 .
695 2199 874 2238 consiste
893 2200 939 2237 in
958 2200 1110 2247 medio,
1133 2198 1300 2245 anima,’
1321 2203 1422 2248 etc.;
1446 2200 1497 2238 de
1517 2214 1656 2240 coron.
1674 2202 1720 2248 63
1750 2204 1800 2241 de
1820 2216 1898 2241 reS.

233 2273 348 2300 carn.
372 2271 408 2309 3.
463 2259 564 2298 This
584 2260 620 2298 is
639 2273 664 2298 a
683 2274 787 2312 very
806 2262 1059 2300 memorable
1079 2266 1312 2313 argument,
1336 2263 1647 2302 characteristic
1668 2263 1712 2302 of
1735 2265 1899 2302 Tertul-

231 2320 356 2361 lian’s
387 2322 527 2362 school
558 2322 603 2360 of
629 2323 817 2375 apology,
854 2323 1000 2363 drawn
1034 2323 1142 2362 from
1175 2324 1248 2362 the
1278 2324 1402 2363 inner
1436 2325 1585 2376 depths
1621 2325 1666 2363 of
1689 2326 1899 2365 conscious

232 2383 365 2422 moral
382 2382 524 2434 being.
587 2383 677 2422 The
696 2384 881 2435 peculiar
903 2385 988 2423 aim
1011 2384 1057 2424 of
1078 2385 1317 2425 Tei-tullian
1342 2385 1378 2424 is
1398 2389 1442 2424 to
1463 2386 1638 2424 ennoble
1659 2387 1731 2425 the
1752 2387 1900 2437 simple

232 2445 390 2483 human
417 2444 677 2493 conscience,
706 2446 790 2484 and
821 2449 866 2484 at
897 2447 970 2485 the
1001 2460 1115 2485 same
1153 2447 1257 2485 time
1289 2450 1335 2485 to
1369 2447 1533 2485 discard
1564 2447 1622 2485 all
1653 2451 1900 2486 extraneous

235 2505 396 2544 mental
416 2506 593 2544 culture.
650 2506 726 2545 See
753 2507 826 2545 the
850 2508 1037 2546 remarks
1058 2508 1103 2545 in
1121 2507 1195 2546 the
1224 2507 1529 2555 Introduction,
1554 2521 1658 2559 page
1676 2508 1796 2555 xviii,
1816 2509 1900 2547 and

235 2561 461 2605 Pressense
481 2566 630 2618 Early
658 2567 788 2606 Years
809 2567 857 2617 of
872 2568 1166 2620 Christiani&
1184 2568 1227 2607 ii.
1251 2579 1328 2619 593
1349 2569 1393 2607 ff.

293 2635 330 2678 7.
363 2631 419 2666 ab
439 2630 523 2666 illo
545 2632 591 2666 et
611 2630 722 2666 inde
739 2631 981 2668 descendit
998 2642 1006 2668 ι
1038 2631 1049 2650 ‘
1067 2629 1173 2667 from
1191 2629 1298 2667 Him
1317 2629 1401 2667 and
1416 2628 1524 2667 from
1538 2629 1687 2668 thence
1706 2629 1751 2682 (a
1765 2629 1900 2679 caelo)

236 2689 272 2726 it
292 2688 525 2726 descended
539 2686 548 2702 ’
567 2701 577 2736 ;
607 2702 738 2739 comp.
761 2690 810 2728 de
833 2690 963 2729 anim.
987 2702 1005 2728 2
1014 2701 1049 2739 3,
1076 2701 1138 2741 24.

296 2761 357 2788 10.
387 2752 703 2788 litteraturae:
732 2754 806 2789 not
830 2752 1074 2803 ‘learning,’
1102 2754 1113 2772 ‘
1128 2750 1367 2801 erudition,’
1389 2765 1434 2790 as
1454 2752 1497 2790 in
1521 2752 1572 2789 de
1591 2755 1715 2803 spect.
1739 2755 1802 2802 18,
1825 2754 1902 2793 but

246 2809 556 2861 :serantur-ae.
614 2811 668 2848 In
698 2811 763 2850 ch.
797 2823 845 2863 19
877 2813 1161 2850 instrumenta
1193 2812 1229 2850 is
1260 2812 1364 2851 used
1399 2813 1518 2851 alone
1556 2813 1619 2852 for
1657 2814 1727 2852 the
1758 2814 1903 2853 sacred

238 2872 504 2919 documents3
535 2885 665 2922 comp.
689 2872 752 2911 ch.
775 2880 841 2923 47,
861 2876 976 2911 verus
996 2874 1335 2922 instrzmzentum,
1358 2875 1368 2893 ‘
1383 2874 1471 2912 The
1498 2874 1579 2913 Old
1606 2875 1849 2914 Testa-ment
1866 2875 1900 2918 ';

238 2934 324 2973 and
351 2934 446 2973 adv.
472 2934 615 2972 Mare.
636 2934 692 2973 iv.
718 2946 752 2982 1,
781 2935 986 2973 ‘alterum
1015 2935 1189 2974 alterius
1217 2935 1490 2975 instrumenti
1518 2937 1586 2975 vel
1619 2936 1746 2989 (quod
1770 2937 1901 2988 magis

240 2996 336 3034 usui
358 3000 421 3035 est
445 2995 597 3047 dicere)
620 2993 892 3034 ‘testamenti'

299 3066 360 3107 14.
392 3059 564 3102 spiritu
603 3058 767 3095 divino
804 3059 1069 3096 inundatos.
1129 3057 1270 3109 Comp.
1305 3057 1344 3097 S.
1368 3058 1492 3110 Cypr.
1524 3059 1612 3110 Ep.
1642 3070 1677 3107 1,
1709 3061 1902 3097 ‘tantum

241 3118 402 3169 gratiae
425 3118 671 3156 inundantis
691 3118 906 3157 haurimus
920 3116 930 3133 '
946 3131 956 3166 ;
986 3118 1083 3157 Isai.
1101 3119 1203 3158 xliv.
1227 3131 1248 3169 3
1265 3133 1274 3167 ;
1303 3121 1334 3159 J
1338 3121 1403 3158 001
1423 3121 1467 3159 ii.
1487 3121 1534 3159 28
1552 3133 1562 3168 ;
1592 3121 1697 3159 Acts
1716 3120 1817 3159 xvii.
1838 3121 1899 3157 18.

302 3178 363 3220 16.
396 3182 727 3219 Prometheus:
768 3180 974 3232 referring
1005 3184 1049 3219 to
1087 3180 1160 3220 the
1196 3181 1346 3233 legend
1377 3182 1473 3221 that
1506 3182 1779 3221 Prometheus
1816 3180 1902 3219 had
