2154 3564
220 189 450 241 CAP.XL.]
561 180 821 233 adversus
864 181 1056 233 Gentes
1081 190 1186 248 pro
1231 180 1577 234 Christianis.
1776 192 1874 247 125

220 323 261 370 si
302 324 485 371 caelum
528 323 681 381 stetit,
722 323 764 371 si
804 328 937 371 terra
979 322 1143 381 movit,
1189 322 1228 369 si
1267 323 1428 381 fames,
1475 323 1515 370 si
1552 323 1669 381 lues,
1711 324 1878 371 statim

222 404 686 454 OHRISTIANOS
722 405 815 451 AD
853 404 1147 452 LEONEM.
1218 403 1398 451 Tantos
1424 405 1485 451 ad
1509 406 1694 451 unum?

288 482 387 529 Oro
430 499 527 541 vos,
555 489 685 530 -ante
723 482 987 540 Tiberium,
1023 481 1076 528 id
1115 487 1187 529 est
1228 486 1339 529 ante
1377 482 1566 529 Christi
1602 483 1876 540 adventum,

217 570 424 627 quantae
451 565 606 611 clades
630 565 792 611 orbem
812 568 859 612 et
878 565 1046 611 urbem
1072 553 1382 611 ceciderunt?
1430 564 1658 625 Legimus
1678 564 1877 622 Hieran,

215 645 457 709 Anaphen
490 651 540 693 et
565 647 721 693 Delon
750 650 800 694 et
824 646 1032 693 Rhodon
1057 651 1104 692 et
1131 645 1198 692 Co
1222 645 1406 692 insulas
1432 645 1599 693 multis
1624 663 1733 693 cum
1758 647 1878 692 mili·
1898 661 1918 699 5

215 729 305 775 bus
341 728 591 775 hominum
626 745 818 790 pessum
853 727 1041 775 abiisse.
1114 727 1352 774 Memorat
1388 732 1437 775 et
1475 728 1616 775 Plato
1652 731 1880 789 majorem

215 809 360 857 Asiae
398 816 446 858 et
487 810 682 858 Africae
723 816 906 857 terram
947 809 1196 856 Atlantico
1235 809 1358 856 mari
1401 815 1627 872 ereptam.
1701 810 1796 858 Sed
1834 816 1880 857 et

215 909 346 939 mare
373 892 678 940 Corinthium
708 898 867 939 terrae
904 896 1060 938 motus
1086 891 1251 949 ebibit,
1277 896 1326 938 et
1351 892 1424 939 vis
1453 892 1695 939 undarum
1727 892 1879 938 Luca-

214 975 348 1022 niam
384 975 557 1022 Italiae
593 974 854 1021 abscissam
891 973 944 1019 in
980 973 1174 1022 Siciliae
1210 991 1385 1021 nomen
1420 974 1671 1036 relegavit.
1747 976 1881 1021 Haec

215 1058 385 1119 utique
408 1075 505 1105 non
531 1057 633 1105 sine
658 1057 835 1119 injuria
858 1056 1174 1103 incolentium
1203 1057 1417 1104 accidere
1442 1062 1719 1119 potuerunt.
1780 1058 1881 1104 Ubi
1900 1074 1950 1102 10

214 1157 327 1187 vero
353 1144 484 1198 tunc,
510 1156 606 1186 non
630 1139 788 1186 dicam
812 1139 1012 1185 deorum
1036 1142 1310 1185 vestrorum
1335 1143 1691 1201 contemptores
1718 1138 1881 1186 Chris-

213 1221 352 1278 tiani,
395 1221 479 1269 sed
527 1221 621 1283 ipsi
665 1220 736 1267 dii
782 1220 947 1279 vestri,
994 1238 1104 1267 cum
1150 1224 1309 1268 totum
1356 1221 1520 1274 orbem
1566 1221 1882 1283 cataclysmus

214 1303 439 1362 abolevit,
456 1303 533 1351 vel
557 1308 613 1350 ut
637 1303 776 1350 Plato
794 1302 1000 1365 putavit,
1022 1307 1289 1365 campestre
1308 1303 1605 1350 solummodo
1624 1305 1640 1350 2
1694 1304 1879 1351 Poster-

213 1386 338 1433 iores
376 1385 502 1433 enim
539 1386 648 1433 illos
691 1385 826 1432 clade
866 1383 1039 1433 diluvii
1082 1389 1419 1432 contestantur
1459 1385 1591 1447 ipsae
1633 1386 1787 1444 urbes,
1828 1386 1880 1432 in

214 1468 390 1531 quibus
422 1468 528 1515 nat-i
561 1467 837 1530 mortuique
861 1473 991 1525 sunt,
1018 1467 1165 1514 etiam
1190 1484 1309 1528 quas
1341 1467 1688 1526 condiderunt;
1725 1485 1879 1530 neque
1900 1490 1946 1530 15

215 1550 345 1597 enim
381 1550 496 1597 alias
532 1550 583 1597 in
620 1549 907 1597 hodiernum
942 1553 1204 1606 manerent,
1242 1548 1337 1595 nisi
1373 1553 1422 1596 et
1463 1548 1593 1611 ipsae
1631 1554 1880 1611 postumae

214 1632 365 1680 cladis
397 1633 543 1680 illius.
615 1632 848 1679 Nondum
872 1632 1115 1678 Judaeum
1145 1631 1205 1678 ab
1231 1629 1453 1693 Aegypto
1483 1647 1681 1677 examen
1715 1632 1878 1678 Palae-

213 1714 341 1761 stina
370 1718 660 1776 susceperat,
685 1731 773 1761 nec
804 1716 906 1775 jam
935 1713 1036 1759 illic
1069 1712 1371 1760 Christianae
1409 1717 1566 1760 sectae
1599 1713 1733 1774 origo
1767 1730 1879 1760 con-

213 1797 420 1854 sederat,
467 1813 618 1858 quum
664 1796 883 1857 regiones
931 1795 1095 1842 affines
1142 1797 1246 1856 ejus
1297 1795 1502 1843 Sodoma
1550 1798 1599 1842 et
1647 1795 1879 1843 Gomorra

212 1879 381 1940 igneus
416 1878 571 1926 imber
604 1877 800 1925 exussit.
874 1877 988 1925 Olet
1021 1877 1191 1924 adhuc
1216 1877 1438 1924 incendio
1470 1883 1614 1933 terra,
1646 1881 1694 1924 et
1718 1877 1760 1924 si
1785 1895 1878 1940 qua
1899 1899 1948 1926 20

212 1959 313 2007 illic
343 1960 572 2007 arborum
602 1976 744 2023 poma
769 1965 1019 2018 conantur,
1047 1959 1199 2006 oculis
1223 1962 1380 2017 tenus,
1407 1963 1624 2006 ceterum
1656 1964 1878 2007 contacta

213 2042 528 2089 cinerescunt.
601 2041 695 2090 Sed
731 2059 816 2089 nec
846 2042 1019 2089 Tuscia
1049 2043 1151 2103 jam
1185 2045 1303 2089 tunc
1339 2046 1485 2103 atque
1521 2041 1785 2103 Campania
1818 2042 1876 2088 de

214 2123 504 2172 Christianis
530 2124 838 2187 querebatur,
865 2141 1015 2187 quum
1040 2123 1289 2172 Volsinios
1312 2124 1373 2170 <le
1398 2124 1541 2181 caelo,
1568 2124 1792 2186 Tarpeios
1818 2124 1876 2170 de

271 2230 305 2259 1.
337 2222 378 2257 si
406 2222 589 2258 caelum
618 2222 778 2259 stetit:
808 2221 888 2260 πλε.
922 2222 932 2240 ‘
950 2219 986 2258 if
1010 2219 1132 2259 there
1164 2220 1199 2258 is
1228 2233 1282 2258 no
1313 2218 1453 2268 rain’3
1482 2222 1605 2258 stetit
1637 2220 1762 2270 being
1792 2232 1874 2258 em-

212 2281 365 2331 ployed
384 2281 484 2320 here
514 2295 559 2320 as
588 2281 661 2320 the
691 2285 811 2320 exact
839 2281 1063 2321 antithesis
1094 2282 1138 2320 of
1162 2282 1299 2320 movit.
1358 2282 1498 2333 Comp.
1520 2282 1701 2333 August.
1724 2282 1775 2320 de
1795 2282 1870 2319 circ.

211 2342 296 2381 Dei
314 2343 356 2382 ii.
380 2354 416 2392 3.

269 2417 304 2443 2.
337 2407 629 2444 Christianos
656 2408 714 2445 ad.
739 2407 950 2444 leonem:
996 2418 1129 2456 comp.
1165 2404 1228 2444 ch.
1272 2416 1345 2453 123
1388 2405 1439 2443 de
1467 2404 1651 2457 pudicit.
1687 2416 1762 2452 ²23
1791 2405 1874 2443 and

211 2470 322 2514 note,
341 2466 404 2506 clL
426 2478 464 2517 9.

266 2539 305 2577 4.
335 2530 524 2567 urbem:
555 2528 584 2566 i.
602 2541 633 2565 e.
655 2527 799 2567 Rome.
857 2528 1000 2579 Comp.
1021 2527 1187 2566 Lucret.
1208 2527 1265 2567 vi.
1289 2529 1366 2578 585
1380 2527 1424 2566 ff.

322 2591 544 2636 Legimus
574 2592 766 2637 Hieran,
796 2592 1042 2635 Anaphen.
1101 2589 1213 2627 Plin.
1236 2589 1296 2628 N.
1317 2590 1375 2628 H.
1397 2589 1442 2628 ii.
1466 2589 1516 2638 87
1536 2601 1544 2635 ;
1577 2589 1714 2627 Amm.
1736 2589 1870 2629 Marc.

211 2651 310 2690 xvii.
347 2658 383 2701 7.
441 2650 645 2689 Volcanic
678 2650 836 2689 islands
875 2651 921 2689 in
951 2651 1024 2689 the
1054 2650 1209 2689 Cretan
1240 2663 1321 2688 sea.
1382 2650 1465 2688 For
1498 2649 1569 2688 the
1607 2650 1725 2689 other
1761 2655 1872 2690 cata-

213 2713 402 2764 strophes
425 2713 669 2752 mentioned
688 2726 755 2752 see
777 2713 888 2753 Plin.
914 2713 957 2752 ii.
979 2724 1045 2765 90,
1066 2724 1146 2764 943
1175 2713 1232 2751 iii.
1256 2713 1278 2751 8
1297 2727 1306 2757 ;
1338 2713 1449 2751 Plat.
1475 2712 1582 2751 Tim.
1604 2711 1653 2761 63
1681 2714 1793 2754 Tert.
1816 2716 1873 2754 ad

211 2775 259 2813 N
261 2779 316 2813 at.
335 2776 362 2813 i.
385 2786 423 2825 9.

270 2848 332 2876 20.
363 2840 409 2874 et
429 2837 470 2874 si
490 2848 580 2881 qua
599 2837 699 2874 illie
720 2838 936 2875 arborem
955 2849 1093 2881 poma
1111 2850 1118 2874 :
1153 2838 1164 2856 ‘
1179 2836 1315 2874 andis
1331 2849 1416 2887 any
1429 2839 1538 2875 trees
1552 2835 1672 2875 there
1692 2840 1872 2887 attempt

211 2903 256 2937 to
276 2898 376 2937 bear
395 2897 512 2942 fruit,
533 2897 568 2936 it
588 2898 623 2936 is
647 2897 710 2935 for
730 2897 805 2935 the
825 2911 900 2948 eye
921 2897 1021 2948 only
1037 2911 1046 2942 3
1077 2898 1189 2936 since
1208 2898 1243 2935 it
1263 2898 1468 2937 crumbles
1490 2902 1533 2937 to
1546 2898 1665 2937 ashes
1679 2911 1733 2936 on
1747 2899 1872 2950 being

211 2957 417 2999 touched.’
474 2958 564 2997 The
583 2962 674 2997 text
693 2959 728 2997 is
748 2959 980 2998 uncertain.
1038 2960 1103 2998 On
1122 2959 1195 2997 the
1215 2959 1338 2998 Dead
1358 2960 1437 2998 Sea
1455 2960 1570 3005 fruit,
1591 2973 1637 2998 01·
1656 2960 1815 3011 Apples
1831 2961 1876 2998 ot'

211 3021 377 3069 Sodom,
399 3034 465 3059 see
485 3020 616 3059 Tacit.
640 3019 755 3059 Hist.
777 3034 817 3059 v.
842 3028 863 3070 7
881 3033 892 3068 3
921 3021 1030 3058 Plin.
1053 3035 1094 3059 v.
1121 3019 1192 3068 ¹63
1221 3022 1252 3060 J
1256 3021 1394 3072 oseph.
1416 3020 1528 3060 Bell.
1549 3020 1653 3060 Jad.
1673 3021 1729 3059 iv.
1753 3022 1789 3062 8.
1811 3033 1850 3071 4.

268 3093 332 3132 23.
361 3084 616 3120 Volsinios.
672 3081 783 3120 Plin.
809 3082 864 3120 N.
884 3082 943 3122 H.
965 3082 1007 3121 ii.
1031 3093 1093 3130 52,
1120 3093 1182 3132 53.

322 3145 575 3189 Tarpeios:
607 3155 651 3181 so
680 3144 738 3181 ad
768 3143 874 3182 Nat.
905 3144 932 3183 i.
963 3156 1015 3194 9;
1044 3143 1168 3183 MSS.
1198 3143 1473 3196 ‘Pompeios,'
1501 3144 1777 3196 erroneously‚
1808 3144 1869 3182 for

211 3205 400 3256 Pompeii
419 3217 503 3244 was
523 3204 670 3244 buried
691 3214 731 3244 A.
748 3214 788 3243 D.
816 3212 876 3256 79.
939 3205 1004 3245 On
1024 3208 1234 3251 perfudit
1254 3219 1321 3245 see
1341 3211 1453 3252 note,
1475 3206 1537 3246 ch.
1564 3217 1597 3245 Ι.
