2154 3564
338 218 414 286 ⁷⁷70
813 219 1140 272 Tertulliani
1174 218 1224 269 Α
1220 218 1546 286 polegetz‘cus
1783 229 1900 282 [offla.
1916 234 2010 273 XX.

993 518 1216 567 CAPUT
1264 519 1371 566 XX.

413 645 549 694 PLUS
581 647 680 708 jam
717 643 965 692 offerimus
999 661 1088 707 pro
1124 642 1219 691 ista
1245 643 1494 702 dilatione,
1520 647 1826 706 majestatem
1862 644 2014 707 scrip-

345 732 581 786 turarum,
608 728 650 775 si
683 744 781 774 non
810 729 1105 774 vetustatem
1120 743 1133 786 ,·
1172 726 1362 774 divinas
1388 727 1662 789 probamus,
1695 727 1735 775 si
1759 727 2015 775 dubitatur

346 810 584 873 antiquas.
656 809 706 855 N
710 826 762 856 ec
796 809 886 856 hoc
922 808 1111 856 tardius
1149 814 1235 856 aut
1271 808 1469 856 aliunde
1500 809 1813 857 discendum:
1854 826 2015 856 coram

306 906 327 945 5
345 897 475 951 sunt,
502 909 623 954 quae
648 892 902 950 docebunt,
931 891 1155 949 mundus,
1182 897 1230 939 et
1255 892 1514 950 saeculum,
1541 896 1591 939 et
1615 892 1789 940 exitus.
1861 891 2014 952 Quid-

346 975 463 1038 quid
497 975 679 1037 agitur,
704 973 1145 1037 praenuntiabatur
1159 990 1171 1033 3
1210 974 1450 1037 quidquid
1474 973 1683 1033 videtur,
1711 974 2015 1022 audiebatur.

346 1058 485 1118 Quod
532 1061 692 1105 terrae
730 1061 907 1104 vorant
953 1056 1115 1113 urbes,
1158 1056 1288 1119 quod
1329 1056 1517 1104 insulas
1558 1056 1714 1104 maria
1754 1057 2015 1115 fraudant3

345 1140 475 1204 quod
521 1144 724 1188 externa
761 1143 906 1202 atque
952 1139 1149 1187 interna
1195 1138 1323 1187 bella
1361 1138 1631 1199 dilaniant3
1680 1140 1812 1202 quod
1853 1139 2017 1202 regnis

344 1240 493 1285 regna
534 1222 871 1286 compulsant3
925 1221 1054 1284 quod
1092 1222 1242 1268 fames
1281 1224 1329 1268 et
1365 1221 1470 1268 lues
1507 1226 1556 1268 et
1590 1221 1764 1269 locales
1800 1237 2017 1284 quaeque

282 1327 330 1353 10
345 1305 501 1353 clades
560 1308 609 1353 et
666 1303 973 1367 frequentiae
1020 1303 1254 1366 pleraque
1312 1303 1551 1350 montium
1597 1308 1828 1363 vastant,
1890 1303 2019 1366 quod

343 1387 553 1435 humiles
594 1386 910 1444 sublimitate,
957 1385 1184 1434 sublimes
1226 1385 1506 1433 humilitate
1549 1390 1835 1444 mutantur,
1891 1385 2019 1449 quod

340 1466 536 1528 justitia
560 1466 775 1523 rarescit,
801 1465 1040 1528 iniquitas
1065 1464 1393 1522 increbrescit,
1418 1464 1656 1511 bonarum
1680 1464 1895 1512 omnium
1921 1465 2016 1512 dis—

344 1548 636 1612 ciplinarum
662 1565 777 1596 cura
812 1546 1047 1610 torpescit
1064 1563 1076 1606 3
1115 1546 1244 1610 quod
1280 1546 1427 1593 etiam
1465 1546 1622 1594 officia
1658 1550 1934 1610 temporum
1970 1551 2019 1595 et

345 1628 691 1676 elementorum
730 1626 899 1674 munia
937 1625 1249 1684 exorbitant3
1301 1625 1427 1687 quod
1465 1631 1512 1672 et
1547 1625 1780 1673 monstris
1820 1632 1868 1673 et
1908 1642 2019 1689 por-

281 1722 329 1762 15
346 1709 495 1758 tentis
527 1709 829 1758 naturalium
866 1710 1022 1756 forma
1055 1708 1300 1768 turbatur,
1323 1707 1637 1770 providenter
1673 1708 1852 1771 scripta
1890 1713 2018 1756 sunt.

349 1791 481 1839 Dum
531 1792 759 1854 patimur,
809 1792 1073 1854 leguntur,
1128 1791 1245 1838 dum
1295 1789 1693 1851 recognoscimus,
1736 1790 2019 1853 probantur.

348 1874 598 1933 Idoneum,
620 1875 804 1937 opinor,
825 1874 1162 1923 testimonium
1181 1872 1455 1921 divinitatis
1480 1873 1660 1920 veritas
1686 1873 2020 1921 divinationis.

349 1956 484 2005 Hinc
516 1956 674 2018 igitur
705 1957 835 2020 apud
859 1973 946 2004 nos
979 1957 1257 2004 futurorum
1291 1972 1482 2019 quoque
1517 1954 1634 2002 fides
1661 1958 1771 2002 tuta
1808 1959 1896 2010 est,
1921 1956 2022 2016 jam

352 2038 538 2086 scilicet
561 2039 891 2102 probatorum,
920 2039 1034 2101 quia
1059 2055 1167 2085 cum
1202 2037 1315 2096 illis,
1342 2054 1464 2099 quae
1491 2036 1708 2099 quotidie
1733 2037 2018 2099 probantur,

411 2202 444 2228 2.
475 2204 560 2237 pro
581 2193 674 2230 ista
694 2193 936 2230 dilatione.
968 2192 979 2211 ‘
995 2191 1049 2230 In
1063 2191 1137 2230 the
1150 2191 1267 2242 place
1283 2190 1327 2228 of
1335 2190 1422 2228 this
1439 2189 1670 2240 adjourned
1685 2190 1808 2241 proof
1818 2189 1840 2238 ;'
1862 2190 2021 2229 dilatio

352 2254 387 2292 is
410 2266 435 2292 a
453 2253 565 2304 legal
583 2252 794 2292 technical
814 2257 935 2301 term,
960 2254 971 2273 ‘
985 2266 1040 2291 an
1060 2252 1294 2304 adjourned
1313 2252 1488 2303 hearing
1510 2251 1555 2290 of
1570 2265 1595 2290 a
1614 2250 1732 2291 case.’

407 2325 445 2365 5.
476 2318 726 2354 saeculum.
785 2314 862 2354 See
881 2318 994 2361 note,
1015 2315 1080 2354 ch.
1098 2317 1159 2354 18.

409 2385 444 2428 7.
475 2380 709 2417 fraudant.
768 2383 777 2398 ‘
793 2375 939 2426 SteaL'
959 2377 1044 2416 and
1063 2390 1107 2417 so
1128 2381 1138 2398 ‘
1153 2374 1365 2428 engulph.'

409 2441 445 2478 8.
479 2442 723 2479 dilaniant.
782 2440 845 2479 Sc.
868 2440 1074 2479 civitates.
1445 2434 1456 2443 ⁵

407 2515 444 2554 9.
476 2505 797 2548 compulsant:
844 2504 982 2553 ‘press
1013 2499 1266 2553 violently'3
1309 2514 1334 2539 a
1364 2499 1481 2540 word
1512 2500 1557 2540 of
1586 2500 1675 2540 late
1708 2500 1907 2552 latinity:
1949 2499 2022 2539 the

353 2565 483 2603 subst.
506 2564 788 2614 compulsatio
808 2563 844 2602 is
864 2563 967 2602 used
987 2563 1050 2602 ch.
1076 2574 1139 2611 21,
1163 2564 1225 2611 38,
1248 2573 1311 2613 39.

463 2627 634 2664 locales
656 2643 692 2656 =
706 2638 786 2676 per
820 2625 915 2663 loca
952 2624 998 2664 of
1023 2625 1167 2676 Vulg.,
1200 2621 1305 2661 κατὰ
1345 2620 1491 2661 τόπους
1528 2622 1574 2662 of
1608 2623 1682 2663 the
1720 2624 1870 2663 Greek.
1947 2623 2020 2673 Op.

353 2686 393 2725 S.
410 2686 538 2725 Matt.
561 2686 672 2724 xxiv.
695 2685 733 2735 6,
758 2694 803 2738 7;
835 2686 978 2725 Isaiah
997 2686 1052 2724 xl.
1075 2697 1128 2736 43
1158 2685 1282 2724 Ezek.
1303 2685 1386 2723 xxi.
1412 2696 1474 2734 31.

412 2759 473 2785 10.
503 2750 796 2795 frequentiae
830 2751 1051 2794 pleraque
1081 2749 1330 2786 montium.
1395 2748 1405 2766 ‘
1417 2745 1535 2784 Wild
1554 2743 1715 2785 beasts'
1736 2759 1889 2796 appear
1907 2749 1951 2784 to
1971 2745 2023 2783 be

353 2809 589 2857 indicated3
619 2823 679 2860 cp.
711 2810 835 2848 Ezek.
867 2823 906 2847 v.
941 2817 1015 2859 17;
1045 2809 1146 2847 Lev.
1176 2808 1290 2846 xxvi.
1325 2819 1386 2845 22.
1445 2807 1641 2845 Another
1668 2807 1844 2858 reading
1871 2807 1907 2845 is
1928 2806 2020 2857 ple-

353 2882 525 2921 rumque
545 2872 754 2910 mortium.
816 2871 1030 2921 Pleraque
1048 2871 1137 2909 will
1157 2871 1210 2908 be
1229 2869 1464 2908 accusative
1485 2868 1594 2907 after
1613 2871 1794 2908 vastant.

414 2941 475 2967 11.
508 2934 735 2970 sublimes
756 2935 1026 2971 humilitate
1048 2935 1304 2970 mutantur.
1355 2930 1396 2969 S.
1412 2930 1531 2968 Luke
1552 2931 1577 2968 i.
1601 2941 1649 2980 52
1667 2943 1677 2977 ;
1708 2929 1831 2968 Ezek.
1851 2928 1934 2966 xxi.
1956 2926 2018 2965 26.

418 3003 478 3030 12.
510 2995 738 3038 iniquitas
760 2996 1077 3033 increbrescit.
1137 2993 1177 3032 S.
1200 2993 1328 3031 Matt.
1350 2993 1462 3030 xxiv.
1490 3003 1549 3030 12.

416 3063 477 3102 13.
510 3057 659 3093 officia
697 3060 986 3101 temporum:
1034 3055 1130 3094 ‘the
1160 3052 1354 3102 seasons‚'
1390 3053 1491 3093 each
1521 3051 1627 3091 with
1655 3052 1710 3090 its
1750 3064 1842 3090 own
1871 3063 2020 3102 proper

356 3114 580 3154 functione.

418 3187 477 3226 14.
509 3178 776 3215 exorbitant
794 3190 801 3215 ε
837 3179 847 3197 ‘
861 3190 930 3215 are
951 3181 1024 3216 out
1045 3177 1090 3216 of
1105 3175 1276 3216 course.'
1334 3176 1409 3215 See
1429 3179 1542 3223 note,
1563 3175 1625 3213 ch.
1648 3172 1684 3211 6.

418 3249 477 3288 15.
509 3240 838 3284 providenter:
871 3244 879 3259 ‘
895 3238 999 3277 with
1019 3236 1247 3290 foresight.'
