2154 3564
236 173 332 210 CAP.
350 165 488 218 XXI.]
561 158 817 210 adversus
861 159 1051 211 Gentes
1076 168 1180 225 pro
1226 158 1568 211 Christianis.
1827 169 1891 222 77

237 302 438 350 Duobus
475 301 603 349 enim
638 302 928 349 adventibus
965 305 1066 365 ejus
1103 301 1415 365 significatis:
1465 301 1635 364 primo,
1675 301 1759 364 qui
1794 304 1894 363 jam

236 388 505 447 expunctus
536 388 623 442 est,
648 383 700 430 in
733 383 1009 431 humilitate
1046 383 1339 431 condicionis
1368 383 1636 442 humanae;
1674 384 1893 441 secundo,

237 466 322 530 qui
357 466 681 513 concludendo
720 467 906 513 saeculo
942 466 1163 513 imminet
1198 466 1250 511 in
1283 465 1599 534 sublimitate·
1622 465 1897 512 divinitatis

236 552 485 595 exsertae:
532 548 744 610 primum
777 565 874 594 non
909 547 1243 609 intelligendo,
1271 547 1547 604 secundum,
1574 563 1715 609 quem
1743 547 1898 593 mani-

237 629 406 676 festius
424 630 762 692 praedicatum
787 634 996 692 sperant,
1017 646 1169 676 unum
1194 627 1612 675 existimaverunt.
1671 628 1721 674 N
1723 646 1746 674 e
1772 627 1897 675 enim
1917 646 1937 684 5

236 711 568 773 intelligerent
591 711 867 775 pristinum,
891 710 1125 758 credituri
1150 710 1191 757 si
1215 710 1584 767 intellexissent,
1605 714 1654 756 et
1679 727 1901 757 consecu-

236 792 340 840 turi
375 793 578 840 salutem
615 793 655 840 si
692 793 1021 852 credidissent,
1061 793 1292 840 meritum
1326 792 1423 839 fuit
1454 792 1686 839 delictum
1722 809 1901 839 eorum.

238 875 341 938 Ipsi
364 875 534 937 legunt
551 876 621 922 ita
641 875 879 937 scriptum
903 875 1163 922 mulctatos
1184 892 1231 922 se
1251 874 1490 937 sapientia
1509 879 1557 922 et
1576 873 1903 937 intelligentia

239 962 287 1004 et
312 958 558 1004 oculorum
583 963 630 1004 et
655 957 848 1004 aurium
872 958 1026 1019 fruge.

309 1039 465 1099 Quem
511 1039 667 1102 igitur
720 1039 1016 1086 solummodo
1069 1038 1311 1086 hominem
1364 1041 1790 1100 praesumpserant
1843 1037 1902 1085 de

239 1121 527 1181 humilitate,
556 1122 846 1184 sequebatur
874 1121 952 1169 uti
983 1139 1181 1183 magum
1211 1121 1526 1168 aestimarent
1559 1121 1618 1167 de
1647 1123 1901 1184 potestate,

240 1220 348 1249 cum
394 1204 477 1250 ille
519 1204 664 1251 verbo
711 1202 964 1250 daemonia
1012 1203 1070 1249 de
1117 1202 1396 1249 hominibus
1444 1205 1704 1258 excuteret,
1742 1218 1903 1249 caecos

238 1285 568 1345 reluminaret,
595 1286 806 1348 leprosos
831 1290 1078 1347 purgaret,
1106 1284 1399 1347 paralyticos
1425 1284 1755 1346 restringeret,
1781 1301 1905 1330 mor-

239 1372 350 1414 tuos
386 1367 592 1430 denique
616 1368 763 1414 verbo
799 1368 1023 1414 redderet
1047 1366 1189 1424 vitae,
1218 1367 1455 1413 elementa
1491 1365 1595 1428 ipsa
1630 1366 1902 1424 famularet,

240 1466 543 1511 compescens
578 1450 810 1512 procellas
847 1455 896 1496 et
931 1450 1057 1496 freta
1094 1449 1382 1510 ingrediens,
1421 1449 1676 1495 ostendens
1717 1466 1763 1495 se
1806 1465 1903 1496 esse

241 1541 426 1577 ΑΟΓΟΝ
457 1531 563 1591 Dei,
594 1531 647 1579 id
681 1536 755 1579 est
778 1532 995 1579 Verbum
1018 1531 1145 1578 illud
1180 1530 1490 1593 primordiale
1514 1529 1903 1593 primogenitum,

301 1745 334 1773 1.
367 1735 449 1780 quj
465 1736 561 1779 jam
581 1737 840 1779 expunctus
862 1737 946 1780 est,
971 1734 982 1752 ‘
998 1731 1134 1771 which
1150 1731 1226 1770 has
1245 1731 1418 1783 already
1432 1732 1538 1770 been
1553 1729 1897 1782 accomplished'3

244 1809 310 1834 see
329 1798 443 1844 note,
464 1795 527 1833 ch.
552 1806 586 1832 2.

299 1857 335 1894 8.
365 1859 528 1901 legunt
548 1858 616 1894 ita
636 1858 878 1901 scriptum.
936 1854 1080 1894 Isaiah
1099 1854 1155 1893 vi.
1177 1867 1216 1905 9,
1240 1866 1303 1892 10.

302 1928 363 1954 10.
396 1919 548 1962 Quem
577 1919 723 1963 igitur
751 1919 1058 1956 solummodo.
1117 1916 1240 1954 With
1260 1916 1344 1954 this
1363 1928 1536 1966 passage
1562 1928 1692 1966 comp.
1716 1915 1756 1954 S.
1777 1915 1901 1965 Cypr.

245 1978 296 2016 de
314 1991 408 2017 van.
428 1977 531 2016 idol.
559 1989 621 2027 13.

303 2050 364 2078 11.
392 2052 591 2085 magum.
649 2039 738 2078 The
764 2040 956 2079 miracles
980 2038 1025 2077 of
1050 2038 1193 2077 Christ
1217 2051 1325 2076 were
1353 2037 1551 2088 accepted
1577 2050 1622 2075 as
1645 2037 1826 2088 genuine
1848 2037 1904 2088 by

244 2100 430 2139 heathen
457 2105 702 2151 opponents,
732 2114 763 2139 e.
777 2115 818 2151 9.
842 2101 999 2146 Celsus,
1023 2100 1137 2151 Orig.
1168 2102 1300 2138 contr.
1340 2099 1445 2137 Cels.
1476 2099 1503 2137 i.
1536 2097 1616 2147 683
1646 2100 1689 2137 ii.
1720 2110 1797 2149 503
1826 2099 1904 2137 but

244 2176 354 2202 were
373 2162 609 2201 attributed
631 2167 672 2201 to
691 2163 824 2214 magio
843 2176 851 2202 ε
882 2175 1011 2212 comp.
1033 2162 1195 2203 Athan.
1218 2162 1268 2199 de
1288 2162 1322 2199 Ι
1320 2174 1466 2200 neam.
1485 2161 1552 2211 48.

302 2236 364 2264 12.
394 2237 500 2264 cum
529 2227 611 2264 ille
641 2228 786 2263 verbo
811 2255 820 2264 .
843 2255 851 2263 .
875 2256 883 2263 .
907 2228 1159 2263 excuteret.
1218 2224 1259 2263 S.
1282 2224 1410 2262 Matt.
1432 2223 1521 2261 viii.
1547 2221 1611 2271 16,
1635 2225 1646 2243 ‘
1664 2226 1705 2261 et
1731 2222 1903 2272 spiritus

245 2288 373 2327 verbo
394 2284 616 2338 ejiciebat.'
671 2286 748 2325 See
776 2287 991 2324 Arnobius
1011 2287 1037 2324 i.
1061 2297 1109 2336 25
1135 2286 1233 2324 that
1262 2286 1347 2325 this
1377 2286 1789 2324 instantaneousness
1818 2297 1903 2321 was

246 2363 271 2389 a
290 2348 603 2388 characteristic
623 2347 668 2386 of
683 2348 756 2386 the
776 2348 931 2386 Divine
950 2348 1153 2386 miracles.

305 2421 365 2459 13.
395 2412 721 2448 reluminaret:
751 2424 775 2448 a
797 2423 899 2461 very
917 2423 1011 2448 rare
1033 2410 1159 2449 word.
1216 2409 1451 2448 Tertullian
1470 2420 1563 2446 uses
1583 2408 1619 2445 it
1640 2406 1687 2445 de
1707 2408 1835 2446 anim.
1853 2417 1907 2455 34

246 2473 292 2511 in
311 2473 533 2512 antithesis
553 2477 597 2511 to
620 2484 862 2520 exeaecar63
892 2472 975 2511 and
1003 2473 1039 2511 it
1058 2485 1197 2511 recurs
1217 2473 1263 2510 in
1283 2485 1307 2510 a
1326 2472 1436 2510 later
1454 2471 1609 2518 writer,
1630 2469 1797 2508 Paulin.
1817 2469 1861 2506 N
1865 2483 1904 2507 o-

247 2536 370 2573 lanus
389 2534 495 2585 Fffip.
516 2548 611 2573 xxx.
633 2548 675 2585 4.

355 2599 637 2642 paralyticos
673 2599 993 2643 restringeret.
1062 2596 1152 2635 The
1183 2595 1421 2646 expression
1453 2594 1637 2633 exhibits
1671 2606 1726 2631 an
1757 2606 1906 2643 appro-

246 2658 382 2710 priate
403 2659 602 2697 selection
622 2658 666 2696 of
680 2659 842 2706 words3
872 2656 1295 2708 wapahuco=resolvffi
1318 2656 1363 2695 of
1377 2655 1513 2694 which
1533 2656 1742 2705 restringo
1771 2656 1804 2693 is
1834 2655 1906 2693 the

250 2723 370 2759 exact
391 2719 626 2758 antithesis:

307 2792 368 2831 14.
390 2782 621 2819 elementa
637 2782 740 2825 ipsa
756 2781 1024 2819 famularet.
1052 2779 1298 2827 Famulare,
1315 2781 1325 2798 ‘
1339 2783 1382 2816 to
1398 2778 1520 2816 make
1534 2774 1814 2825 serviceable,’
1831 2777 1866 2815 is
1882 2790 1907 2815 a

250 2856 344 2882 rare
371 2842 487 2880 word
520 2841 707 2880 confined
740 2845 784 2879 to
818 2841 906 2879 late
933 2841 1112 2879 writers.
1169 2841 1258 2878 The
1287 2839 1497 2890 deponent
1514 2839 1738 2890 famulari
1766 2851 1907 2877 occurs

248 2904 342 2944 adv.
363 2903 508 2941 Herm.
540 2914 616 2953 29;
647 2902 697 2939 de
716 2915 792 2940 res.
819 2914 936 2939 carn.
958 2910 1009 2952 47
1032 2901 1147 2953 (bis),
1167 2901 1304 2939 where
1321 2901 1541 2952 famulati
1568 2900 1658 2939 Deo
1687 2891 1731 2939 is*
1752 2899 1908 2951 quoted

250 2966 358 3004 from
396 2965 469 3004 the
508 2965 625 3015 early
652 2963 827 3002 African
857 2963 1022 3001 version
1052 2964 1097 3001 of
1126 2964 1199 3002 the
1229 2963 1285 3001 N.
1316 2963 1378 3012 Τ.,
1410 2962 1483 3002 the
1512 2963 1700 3014 Vulgate
1736 2962 1909 3014 reading

253 3027 493 3078 servifaeti
512 3026 616 3070 Deo,
635 3025 756 3063 Rom.
779 3024 836 3064 vi.
860 3036 922 3062 22.

312 3098 374 3138 15.
403 3090 646 3133 procellas,
704 3085 744 3125 S.
766 3086 895 3124 Mark
916 3086 972 3124 iv.
996 3094 1058 3136 37.

310 3148 370 3188 16.
399 3150 780 3195 primogenitum.
836 3147 1069 3186 Colossians
1089 3148 1115 3187 i.
1138 3157 1197 3197 15.

1923 1054 1971 1080 10

1925 1468 1972 1508 15
