2154 3564
208 219 304 256 CAP.
327 213 422 265 111.]
528 204 788 257 adversus
831 203 1023 255 Gentes
1047 211 1152 270 pro
1197 203 1542 256 Christianis.
1805 221 1867 272 13

275 347 400 395 Cum
428 347 581 410 igitur
604 346 655 393 in
687 346 908 393 omnibus
931 362 1016 393 nos
1040 345 1184 393 aliter
1207 344 1489 406 disponatis,
1519 362 1664 407 quam
1689 351 1870 394 ceteros

205 436 444 486 nocentes,
470 429 521 475 id
545 445 699 476 unum
724 427 1068 487 contendendo,
1096 433 1153 475 ut
1178 427 1236 474 de
1261 443 1316 474 eo
1342 427 1536 474 nomine
1560 427 1872 474 excludamur

208 510 530 575 (excludimur
566 509 707 567 enim,
739 510 780 557 si
814 509 1031 566 facimus,
1058 526 1180 572 quae
1216 509 1402 557 faciunt
1437 526 1533 556 non
1571 508 1870 572 Christiani),

205 593 475 656 intelligere
519 591 721 654 potestis
765 608 860 638 non
906 591 1060 639 scelus
1106 591 1303 652 aliquod
1345 590 1397 637 in
1432 607 1596 638 caussa
1637 607 1752 649 esse,
1791 591 1872 637 sed

205 691 397 731 nomen,
424 674 555 736 quod
579 674 813 735 quaedam
849 673 974 720 ratio
1010 673 1227 720 aemulae
1253 672 1552 735 operationis
1579 672 1868 734 insequitur,
1888 695 1909 733 5

204 756 294 803 hoc
330 755 542 818 primum
577 771 736 817 agens,
762 759 819 802 ut
854 754 1074 802 homines
1111 754 1272 802 nolint
1308 754 1428 802 scire
1456 771 1544 817 pro
1574 759 1717 811 certo,
1743 754 1872 815 quod

205 853 255 884 se
279 837 464 884 nescire
499 853 587 899 pro
614 841 745 884 certo
780 836 952 883 sciunt.
1025 836 1147 884 Ideo
1183 840 1232 884 et
1269 836 1473 883 credunt
1499 836 1557 883 de
1586 836 1724 882 nobis
1750 852 1872 897 quae

204 936 301 966 non
338 918 623 981 probantur,
664 922 712 965 et
750 918 925 965 nolunt
962 917 1162 980 inquiri,
1207 935 1267 965 ne
1313 918 1580 980 probentur
1617 934 1713 964 non
1754 933 1868 974 esse,

206 1017 328 1063 quae
353 1000 543 1047 malunt
568 999 699 1047 credi
735 1016 849 1057 esse,
874 1004 932 1046 ut
956 1016 1130 1047 nomen
1154 999 1287 1047 illius
1312 999 1525 1047 aemulae
1558 998 1758 1047 rationis
1781 998 1871 1044 ini-

205 1082 398 1140 micum,
443 1081 780 1144 praesumptis,
823 1098 920 1128 non
957 1081 1174 1144 probatis
1212 1081 1509 1139 criminibus,
1555 1081 1613 1128 de
1650 1097 1735 1127 sua
1774 1080 1872 1128 sola
1894 1101 1940 1129 10

206 1163 499 1211 confessione
515 1162 786 1210 damnetur.
823 1162 938 1210 Ideo
953 1168 1238 1224 torquemur
1256 1162 1554 1221 confitentes,
1575 1167 1624 1210 et
1642 1162 1873 1225 punimur

203 1250 580 1308 perseverantes,
610 1248 659 1291 et
684 1244 981 1291 absolvimur
1000 1250 1243 1308 negantes,
1272 1245 1387 1308 quia
1406 1244 1613 1292 nominis
1638 1243 1871 1307 proelium

203 1330 291 1375 est.
362 1326 586 1388 Denique
622 1326 741 1388 quid
782 1326 840 1373 de
877 1326 1056 1374 tabella
1092 1326 1309 1374 recitatis
1345 1326 1485 1373 illum
1522 1326 1869 1383 Christianum,

205 1425 292 1456 cur
326 1425 422 1455 non
459 1412 508 1456 et
543 1407 869 1456 homicidam?
941 1407 995 1457 Si
1029 1408 1269 1456 homicida
1306 1408 1628 1468 Christianus,
1658 1425 1743 1455 cur
1775 1424 1870 1454 non

204 1491 415 1538 incestus
435 1490 452 1536 2
489 1490 566 1536 vel
591 1490 910 1553 quodcunque
935 1490 1068 1537 aliud
1103 1507 1189 1538 nos
1214 1507 1313 1538 esse
1339 1490 1539 1538 creditis
1560 1492 1576 1537 2
1648 1490 1708 1536 In
1733 1489 1869 1537 nobis
1890 1509 1936 1550 15

204 1572 316 1620 solis
339 1572 489 1635 pudet
524 1576 612 1619 aut
635 1571 773 1634 piget
796 1572 914 1635 ipsis
948 1572 1226 1620 nominibus
1250 1573 1484 1621 scelerum
1520 1571 1870 1634 pronuntiare‘l

207 1653 515 1702 Christianus
532 1653 573 1701 si
597 1654 780 1701 nullius
801 1653 1016 1701 criminis
1040 1672 1150 1703 reus
1175 1658 1260 1712 est,
1278 1671 1453 1703 nomen
1470 1655 1608 1703 valde
1625 1654 1869 1710 infestum,

205 1737 248 1785 si
273 1735 418 1784 solius
442 1735 653 1783 nominis
677 1736 858 1784 crimen
882 1741 968 1783 est.

855 1972 1078 2023 CAPUT
1126 1973 1226 2021 III.

274 2104 449 2165 QUID?
497 2104 628 2168 quod
673 2103 746 2152 ita
787 2104 1004 2168 plerique
1052 2104 1230 2152 clausis
1277 2103 1428 2152 oculis
1474 2103 1527 2151 in
1565 2104 1728 2152 odium
1768 2107 1870 2167 ejus
1889 2128 1938 2154 20

205 2185 497 2250 impingunt,
524 2192 582 2235 ut
605 2188 788 2234 bonum
818 2187 964 2235 alicui
988 2186 1321 2235 testimonium
1344 2187 1551 2234 ferentes
1575 2187 1870 2238 admisceant

206 2269 413 2317 nominis
433 2269 852 2332 exprobrationem
876 2287 885 2316 ε
923 2270 1085 2318 Bonus
1099 2269 1176 2318 vir
1199 2270 1344 2318 Caius
1364 2268 1516 2329 Seius,
1535 2274 1725 2317 tantum
1741 2271 1870 2333 quod

263 2425 302 2465 5.
314 2417 544 2461 quaedam
555 2416 676 2454 ratio
691 2413 900 2454 aemulae
916 2416 1202 2461 operationis
1217 2427 1226 2453 ε
1241 2417 1252 2436 ‘
1266 2428 1377 2454 some
1391 2418 1547 2466 system
1562 2414 1608 2453 of
1614 2415 1870 2454 malevolent

208 2489 367 2527 agency
382 2474 392 2492 '
408 2490 418 2525 ;
439 2476 682 2527 equivalent
695 2480 739 2515 to
753 2489 837 2527 qua
853 2478 917 2515 vis
931 2476 1067 2515 latens
1080 2478 1127 2515 in
1143 2477 1321 2523 occulto,
1337 2477 1481 2515 above.
1512 2476 1709 2515 Aemulus
1723 2478 1758 2516 is
1771 2477 1870 2516 here

206 2537 336 2575 taken
355 2538 400 2575 in
418 2550 443 2575 a
461 2536 544 2575 bad
566 2550 705 2581 sense;
735 2537 809 2576 the
829 2537 1112 2577 daemoniacal
1133 2551 1293 2590 agency
1313 2539 1348 2577 is
1368 2538 1442 2577 the
1470 2538 1580 2576 rival
1600 2538 1644 2576 of
1658 2539 1762 2586 God,
1786 2539 1870 2578 and

207 2596 415 2636 therefore
445 2598 598 2637 hostile
631 2602 677 2637 to
710 2599 792 2637 His
826 2598 1112 2650 worshippers.
1169 2600 1257 2638 The
1287 2599 1524 2650 expression
1555 2601 1639 2639 and
1672 2600 1745 2638 the
1775 2600 1870 2638 idea

207 2659 296 2698 will
316 2659 557 2710 frequently
575 2673 721 2708 recur3
750 2673 817 2699 see
833 2660 896 2699 ch.
921 2671 986 2709 21,
1010 2668 1074 2712 27,
1094 2668 1171 2711 473
1192 2662 1287 2700 adv.
1312 2660 1439 2700 Pravo.
1462 2671 1499 2710 1,
1521 2662 1531 2681 ‘
1546 2662 1661 2700 varie
1681 2661 1869 2700 diabolus

209 2723 445 2762 aemulatus
466 2726 530 2761 est
550 2723 774 2761 veritatem
787 2720 797 2738 '
812 2736 822 2770 ;
851 2722 1046 2762 Lactant.
1066 2723 1174 2762 Inst.
1194 2723 1291 2763 Div.
1313 2724 1358 2763 ii.
1384 2734 1418 2762 Ι.

263 2795 303 2834 9.
331 2795 504 2821 nomen
524 2785 653 2820 illius
675 2812 684 2821 .
707 2812 716 2821 .
739 2813 748 2822 .
770 2785 1016 2823 inimicum
1034 2797 1043 2823 :
1067 2786 1079 2804 ‘
1095 2784 1168 2823 the
1187 2797 1310 2823 name
1329 2784 1465 2824 which
1484 2785 1520 2823 is
1538 2785 1691 2824 hostile
1711 2790 1755 2825 to
1773 2786 1869 2825 that

207 2843 316 2883 rival
329 2848 486 2896 system
502 2842 512 2860 '
529 2857 539 2891 ;
560 2857 691 2894 comp.
708 2845 765 2883 ad
781 2844 887 2883 Nat.
901 2845 930 2883 i.
948 2856 986 2893 3,
1005 2847 1015 2865 ‘
1029 2845 1196 2884 Nomen
1214 2846 1259 2883 in
1274 2859 1419 2885 caussa
1439 2849 1515 2893 est,
1537 2847 1650 2897 quod
1664 2847 1869 2898 quaedam

208 2906 370 2945 occulta
389 2905 453 2943 vis
472 2918 547 2956 per
566 2910 755 2944 vestrum
772 2906 1055 2956 ignorantiam
1074 2905 1314 2958 oppugnat.'

267 2978 330 3016 13.
360 2969 535 3006 tabella
553 2981 561 3005 :
583 2967 656 3005 the
669 2966 844 3017 judicial
857 2967 992 3006 tablet
1009 2968 1167 3020 setting
1180 2969 1294 3007 forth
1306 2968 1379 3008 the
1399 2969 1552 3021 charge
1573 2971 1657 3009 and
1673 2975 1869 3010 sentence

211 3029 256 3068 of
273 3029 571 3081 punishment3
601 3028 778 3067 Pontius
798 3030 872 3067 vit.
897 3029 941 3067 S.
967 3028 1091 3080 C‘ypr.
1118 3037 1180 3081 17,
1203 3030 1331 3081 ‘legit
1352 3030 1403 3070 de
1423 3031 1570 3070 tabula
1596 3032 1683 3083 jam
1704 3036 1868 3071 senten—

209 3091 315 3130 tiam
333 3091 458 3142 judex
475 3088 485 3106 '
503 3104 511 3136 ;
532 3089 643 3128 Aeta
657 3102 849 3140 precone.
864 3088 907 3130 S.
929 3090 1051 3142 Cypr.
1073 3104 1113 3142 4,
1127 3093 1138 3112 ‘
1154 3091 1369 3131 decretum
1384 3106 1435 3132 ex
1449 3093 1608 3132 tabella
1621 3094 1816 3132 recitavit
1831 3092 1840 3109 '
1857 3109 1866 3138 3

210 3153 353 3191 Cicero
366 3165 448 3204 pro
468 3151 608 3190 Flacc.
631 3162 694 3202 39.
717 3163 783 3203 99.

269 3225 333 3253 22.
365 3216 503 3253 Gaius
528 3215 677 3252 Seius.
736 3213 779 3251 A
804 3212 1005 3253 fictitious
1025 3227 1147 3254 name
1167 3214 1402 3267 commonly
1421 3215 1524 3254 used
1543 3215 1692 3266 (comp.
1710 3216 1772 3256 ch.
1794 3217 1865 3266 48)
