2154 3564
188 174 288 212 CAP.
309 167 444 219 XIX]
511 159 770 212 adversus
813 159 1005 214 Gentes
1029 171 1135 229 pro
1179 163 1524 219 Christiani&
1784 172 1849 235 67

184 304 337 351 modis
361 302 671 350 consisterem
696 302 972 351 divinarum
1008 304 1296 366 litterarum,
1325 308 1367 356 si
1391 325 1488 356 non
1511 312 1662 371 major
1686 317 1848 360 aucto-

184 385 305 432 ritas
342 383 440 431 illis
475 383 536 430 ad
571 381 715 430 fidem
751 383 810 432 de
845 385 1065 433 veritatis
1101 404 1215 434 suae
1251 388 1454 448 viribus,
1494 407 1639 452 quam
1674 393 1848 440 aetatis

183 465 435 513 annalibus
465 464 773 527 suppetisset.
844 466 975 526 Quid
1011 467 1141 514 enim
1175 470 1425 530 potentius
1461 473 1850 533 patrocinabitur

182 546 458 595 testimonio
495 563 672 604 earum,
710 546 805 594 nisi
840 547 1116 611 dispunctio
1153 551 1437 613 quotidiana
1471 554 1649 601 saeculi
1683 555 1847 614 totius,

183 647 291 678 cum
316 628 657 691 dispositiones
692 645 966 690 regnorum,
994 648 1104 678 cum
1142 649 1278 681 casus
1307 635 1519 694 urbium,
1546 653 1656 683 cum
1693 638 1850 685 exitus
1868 653 1889 692 5

182 712 417 774 gentium,
466 728 576 758 cum
623 715 778 759 status
826 716 1098 775 temporum
1145 714 1217 762 ita
1264 716 1486 765 omnibus
1543 720 1851 782 respondent,

183 793 582 856 quemadmodum
599 797 711 840 ante
730 793 883 841 millia
907 811 1142 843 annorum
1161 799 1635 859 praenuntiabantur
1654 803 1669 848 2
1707 801 1853 849 Unde

182 881 232 924 et
279 893 388 939 spes
435 880 612 933 nostra,
652 892 797 938 quam
843 876 1031 935 ridetis,
1075 879 1335 939 animatur,
1378 886 1428 929 et
1475 882 1666 941 fiducia,
1707 900 1852 946 quam

182 957 620 1021 praesumptionem
643 957 838 1016 vocatis,
865 960 1218 1009 corroboratur.
1289 963 1470 1010 Idonea
1506 970 1579 1012 est
1614 966 1743 1012 enim
1777 983 1853 1013 re-

183 1040 390 1103 cognitio
413 1039 785 1102 praeteritorum
822 1040 884 1086 ad
908 1040 1258 1103 disponendam
1293 1044 1523 1092 fiduciam
1546 1047 1850 1095 futurorum:
1874 1070 1921 1098 10

183 1122 377 1170 eaedem
390 1138 529 1170 voces
544 1121 947 1183 praedicaverunt
964 1127 1221 1187 utramque
1236 1132 1437 1188 partem,
1453 1129 1646 1176 eaedem
1660 1130 1853 1177 litterae

182 1207 491 1251 notaverunt.
564 1203 734 1250 Unum
771 1207 844 1250 est
880 1207 1074 1267 tempus
1110 1207 1240 1268 apud
1276 1208 1399 1268 illas,
1436 1211 1566 1271 quod
1600 1212 1732 1273 apud
1768 1228 1854 1259 nos

182 1285 397 1348 separari
421 1284 630 1333 videtur.
701 1285 780 1332 Ita
805 1286 963 1334 omnia
987 1304 1107 1350 quae
1145 1296 1405 1351 supersunt
1432 1291 1704 1354 improbata
1739 1298 1854 1342 sunt

181 1367 333 1425 nobis,
359 1366 475 1430 quia
499 1383 608 1413 cum
632 1366 743 1426 illis,
773 1385 896 1429 quae
929 1370 1135 1431 probata
1160 1376 1288 1430 sunt,
1319 1376 1437 1420 tunc
1462 1373 1639 1422 futuris
1663 1376 1853 1438 praedi-

183 1451 433 1498 cabantur.
508 1448 735 1505 Habetis,
763 1450 892 1511 quod
928 1451 1091 1507 sciam,
1129 1457 1179 1500 et
1203 1470 1286 1500 vos
1320 1454 1570 1517 Sibyllam,
1610 1462 1850 1519 quatenus
1870 1478 1919 1518 15

241 1570 275 1598 1.
305 1561 347 1597 si
375 1571 472 1598 non
501 1560 662 1607 major,
693 1561 765 1598 etc.
816 1565 825 1580 ⁶
840 1559 887 1598 If
901 1560 1004 1612 they
1026 1561 1099 1600 did
1118 1567 1193 1601 not
1214 1563 1357 1603 derive
1377 1578 1402 1603 a
1421 1568 1590 1615 greater
1609 1566 1851 1619 credibility

181 1619 289 1660 from
308 1620 421 1659 their
441 1633 534 1658 own
559 1620 754 1660 intrinsic
772 1621 893 1661 truth
913 1621 1018 1661 than
1039 1624 1180 1664 would
1200 1626 1251 1664 be
1271 1630 1317 1665 at
1337 1626 1451 1665 hand
1469 1628 1514 1665 in
1534 1628 1607 1666 the
1625 1629 1788 1668 records
1810 1630 1855 1668 of

183 1683 295 1722 their
311 1680 552 1733 antiquity.’

241 1754 277 1793 3.
310 1746 438 1789 Quid.
466 1746 594 1782 enim
621 1747 878 1789 potentius.
938 1746 1048 1785 ‘For
1067 1747 1183 1787 what
1212 1749 1335 1788 could
1361 1762 1477 1789 more
1508 1751 1759 1804 powerfully
1778 1752 1849 1791 de-

183 1805 283 1844 fend
302 1806 414 1844 their
433 1806 663 1856 testimony
681 1806 786 1844 than
809 1807 931 1859 (nisi)
957 1838 965 1846 .
989 1838 998 1847 .
1022 1838 1030 1846 .

238 1879 276 1917 4.
307 1869 578 1913 dispunctio
596 1869 884 1913 quotidiana.
944 1869 1022 1908 See
1041 1873 1153 1919 note,
1175 1871 1239 1911 ch.
1264 1872 1326 1912 18.

295 1931 483 1968 saeculi.
541 1929 657 1968 Here
682 1929 799 1978 used,
819 1943 864 1969 as
890 1931 935 1969 in
961 1931 1025 1971 ch.
1049 1931 1114 1982 26,
1136 1932 1199 1971 for
1219 1934 1292 1973 the
1316 1937 1487 1974 ‘events
1516 1935 1562 1975 of
1586 1936 1661 1975 the
1686 1937 1851 1976 world's

184 1988 372 2043 history?

242 2063 277 2102 5.
310 2054 658 2098 dispositiones.
715 2052 810 2092 Ms.
831 2052 1118 2104 dispositione.

240 2112 277 2151 6.
308 2117 459 2152 status
488 2117 752 2159 temporum
773 2132 810 2147 =
833 2115 992 2154 ‘officia
1025 2120 1263 2168 temporum
1298 2123 1341 2158 et
1371 2119 1674 2159 elementorum
1706 2120 1853 2160 munia

185 2172 448 2222 exorbitant,’
469 2174 533 2215 ch.
558 2186 619 2213 20.

240 2248 277 2286 9.
307 2236 565 2281 recognitio
592 2238 965 2282 praeteritorum.
1025 2244 1035 2259 ⁶
1049 2239 1122 2277 An
1141 2241 1426 2280 examination
1450 2241 1496 2280 of
1520 2242 1594 2281 the
1614 2247 1709 2294 past
1728 2246 1850 2281 natu—

185 2297 294 2349 rally
313 2297 429 2335 leads
448 2310 496 2335 us
515 2300 560 2336 to
579 2298 697 2348 place
717 2298 953 2338 confidence
973 2299 1018 2337 in
1038 2299 1180 2340 future
1199 2300 1478 2342 fulfilments.'

244 2369 306 2395 11.
336 2362 582 2404 utramque
603 2363 801 2408 partem,
822 2361 886 2399 zze.
909 2361 981 2399 the
1001 2365 1096 2412 past
1118 2362 1202 2401 and
1220 2363 1294 2402 the
1313 2363 1469 2403 future.

247 2430 307 2457 12.
338 2422 496 2458 'Unum
517 2424 588 2458 est
608 2424 805 2466 tempus.
849 2422 971 2461 With
986 2422 1059 2461 the
1080 2425 1222 2462 sacred
1240 2426 1430 2476 writings
1455 2426 1558 2464 time
1577 2425 1652 2463 has
1674 2426 1753 2464 but
1773 2438 1851 2464 one

187 2480 414 2527 character,
435 2481 539 2519 with
560 2480 607 2519 u's
626 2481 662 2520 it
681 2482 717 2520 is
743 2482 903 2521 broken
921 2497 978 2534 up
1004 2484 1094 2523 into
1121 2486 1241 2525 three
1264 2490 1544 2538 parts—past,
1564 2491 1745 2537 present,
1766 2487 1851 2526 and

186 2541 338 2580 future.
403 2541 474 2592 Cp.
499 2541 563 2580 ch.
588 2554 650 2581 20.

246 2613 307 2651 13.
347 2604 611 2648 improbata
639 2608 765 2644 sunt.
821 2605 944 2645 Some
965 2607 1235 2646 emendation
1255 2608 1290 2647 is
1311 2608 1471 2647 needed
1494 2608 1604 2647 here.
1663 2608 1844 2648 Haverc.

187 2663 289 2702 read
308 2664 356 2701 in
376 2663 553 2714 probato
579 2668 679 2702 sant
690 2682 706 2711 ;
740 2665 890 2717 Sciop.‚
910 2668 1010 2719 jam
1033 2668 1221 2718 probata
1251 2673 1375 2714 sunm
1405 2683 1430 2708 a
1449 2683 1552 2721 very
1570 2669 1652 2707 fair
1671 2682 1789 2709 sense
1815 2671 1850 2709 is

189 2725 388 2764 obtained
420 2724 477 2776 by
506 2725 712 2777 inserting
737 2727 925 2778 probata
958 2729 1149 2769 between
1182 2731 1255 2769 the
1285 2735 1369 2770 two
1402 2730 1552 2780 words,
1583 2729 1721 2770 which
1753 2745 1852 2784 may

189 2787 323 2837 easily
341 2786 448 2825 have
475 2786 659 2837 dropped
689 2792 784 2828 out:
819 2790 829 2809 ‘
844 2789 940 2828 that
959 2790 1096 2829 which
1117 2796 1188 2843 yet
1215 2793 1396 2831 remains
1427 2793 1643 2844 unproved
1668 2792 1704 2831 is
1732 2796 1776 2832 to
1801 2806 1851 2832 us

188 2848 360 2899 proved,
380 2848 556 2886 because
576 2877 586 2887 .
612 2879 621 2887 .
642 2848 671 2888 .'
729 2850 801 2900 Op.
827 2850 891 2889 ch.
914 2863 978 2890 20.

249 2921 309 2960 15.
344 2911 557 2958 Habetis,
579 2913 706 2956 quod
734 2913 890 2960 sciam,
914 2942 923 2952 .
944 2942 953 2950 .
977 2943 985 2950 .
1006 2914 1192 2965 vestri.]
1250 2914 1343 2953 MS.
1362 2915 1554 2963 Habetis,
1578 2916 1687 2967 quod
1705 2918 1850 2966 seiam,

191 2974 232 3009 et
260 2984 335 3010 nos
362 2969 589 3022 Sibyllam,
612 2976 812 3022 quatenus
840 2973 1076 3023 appellatio
1103 2977 1192 3014 ista
1211 3005 1220 3013 .
1244 3005 1253 3014 .
1277 2979 1455 3017 ..nostri
1511 2978 1612 3016 This
1640 2978 1716 3017 has
1745 2978 1851 3017 been

191 3046 294 3084 very
324 3032 537 3085 variously
571 3033 773 3072 emended
806 3035 890 3073 and
923 3037 1152 3077 rewritten.
1228 3039 1291 3078 As
1323 3039 1492 3090 printed
1520 3040 1564 3078 in
1594 3040 1667 3079 the
1696 3044 1787 3080 text
1814 3041 1851 3080 it

192 3106 325 3133 seems
353 3094 666 3133 translateable.
727 3094 809 3133 For
836 3095 909 3135 the
938 3097 1149 3138 reference
1176 3103 1221 3139 to
1248 3100 1321 3139 the
1350 3100 1482 3171 Sibyl,
1504 3115 1567 3153 cp.
1596 3101 1655 3141 ad
1676 3102 1782 3142 Nat.
1806 3103 1849 3141 ii.

195 3166 269 3193 12·
258 3156 510 3208 „Athenag
531 3155 654 3208 Apol.
680 3155 743 3196 26.

955 3233 1053 3274 ΕΖ
