2154 3564
184 232 279 270 CAP.
302 226 353 279 L]
507 218 764 270 adversus
806 218 1000 270 Gentes
1022 227 1128 285 pro
1172 217 1514 272 Christianis.
1809 230 1842 285 5

183 361 268 408 alii
314 360 556 424 gaudeant
603 362 895 424 cognovisse.
967 361 1162 421 Quanto
1213 360 1367 422 magis
1419 360 1506 407 hos
1554 358 1844 408 Anacharsis

185 444 457 490 denotasset
503 443 838 507 imprudentes
893 444 952 491 de
998 443 1318 506 prudentibus
1358 442 1645 504 judicantes,
1702 459 1844 505 quam

184 525 457 572 immusicos
482 526 540 572 de
578 525 805 573 musicis!
878 525 1072 572 Malunt
1107 524 1305 582 nescire,
1332 523 1446 587 quia
1464 526 1567 585 jam
1603 523 1843 583 oderunt3

185 607 302 654 adeo
341 607 469 669 quod
510 607 747 667 nesciunt,
785 606 1121 669 praejudicant
1151 606 1203 652 id
1245 622 1361 663 esse,
1402 605 1547 668 quod,
1589 604 1630 651 si
1671 604 1840 664 sciant,

186 689 341 736 odisse
375 706 469 737 non
493 694 718 752 poterant
733 706 745 748 3
784 689 976 752 quando
1002 688 1044 735 si
1079 687 1270 734 nullum
1295 687 1395 734 odii
1431 686 1651 734 debitum
1675 686 1843 749 depre-
1861 705 1883 745 5

185 771 441 830 henda‘cur,
461 772 697 834 optimum
721 772 891 833 utique
917 770 981 818 sit
1005 770 1220 817 desinere
1240 770 1419 831 injuste
1446 768 1629 827 odisse3
1668 768 1709 816 si
1734 785 1846 816 vero

187 853 244 900 de
290 854 465 901 merito
513 858 716 913 constet,
766 871 862 900 non
908 853 1050 899 modo
1098 851 1221 898 nihil
1268 851 1367 898 odii
1416 851 1717 909 detrahatur,
1763 850 1848 896 sed

186 935 395 998 amplius
421 936 704 998 acquiratur
732 936 795 983 ad
828 934 1250 998 perseverantiam,
1277 933 1426 980 etiam
1444 932 1666 996 justitiae
1695 931 1847 995 ipsius

187 1017 489 1065 auctoritate.

256 1099 352 1147 Sed
398 1116 495 1147 non
541 1099 664 1157 ideo,
713 1098 888 1161 inquit,
941 1098 1135 1157 bonum,
1193 1097 1305 1159 quia
1364 1096 1541 1144 multos
1593 1095 1915 1144 convertit.10

189 1180 374 1241 Quanti
399 1182 528 1228 enim
552 1181 614 1229 ad
648 1181 831 1228 malum
855 1181 1260 1243 praeformantur,
1287 1179 1457 1241 quanti
1490 1179 1767 1241 transfugae
1796 1177 1849 1224 in

188 1264 498 1325 perversqu
571 1263 693 1322 Quis
718 1263 901 1324 negat‘ss
973 1262 1152 1309 Tamen
1176 1261 1307 1323 quod
1330 1278 1441 1308 vere
1467 1260 1648 1307 malum
1675 1264 1763 1318 est,
1789 1276 1847 1307 ne

187 1344 282 1407 ipsi
307 1345 518 1408 quidem,
546 1363 664 1407 quos
694 1345 838 1407 rapit,
868 1345 1121 1391 defendere
1157 1361 1246 1407 pro
1271 1344 1393 1390 bono
1431 1343 1625 1390 audent.
1697 1341 1849 1390 Omne

188 1428 368 1475 malum
409 1433 497 1475 aut
534 1428 709 1475 timore
752 1433 837 1474 aut
876 1427 1059 1489 pudore
1101 1431 1278 1473 natura
1324 1425 1554 1488 perfudit.
1625 1424 1848 1487 Denique

188 1510 394 1558 malefici
421 1510 640 1573 gestiunt
674 1510 841 1567 latere,
867 1509 1090 1557 devitant
1126 1525 1374 1570 apparere,
1399 1507 1647 1570 trepidant
1682 1507 1848 1570 depre—
1868 1517 1915 1556 15

188 1592 342 1651 hensi,
380 1598 560 1654 negant
601 1591 826 1650 accusati,
864 1608 923 1638 ne
962 1590 1081 1638 torti
1122 1590 1319 1651 quidem
1359 1589 1499 1636 facile
1540 1595 1625 1636 aut
1665 1605 1850 1650 semper

190 1673 518 1733 confitentur3
579 1668 707 1720 certe
767 1672 1070 1720 condemnati
1124 1675 1371 1730 maerent3
1432 1671 1743 1718 dinumerant
1800 1669 1853 1716 in

250 1814 283 1842 1.
314 1804 613 1842 Anacharsis.
671 1801 879 1853 Diogenes
912 1801 1052 1840 Laert.
1083 1802 1111 1840 i.
1151 1812 1238 1850 103,
1270 1799 1479 1849 θαυμάζειν
1500 1799 1541 1839 δὲ
1564 1799 1640 1851 ἔφη
1663 1800 1741 1839 πῶς
1759 1799 1860 1851 παρὰ

190 1863 272 1903 τοῖς
286 1863 488 1914 “Ἐλλησιν
507 1861 767 1913 ἀγωνίζονται
788 1862 863 1910 μὲν
882 1863 919 1901 οἱ
938 1862 1118 1912 τεχνῖται
1140 1861 1205 1900 καὶ
1224 1861 1395 1912 κρίνουσι
1419 1861 1460 1901 δὲ
1482 1863 1519 1900 οἱ
1537 1862 1593 1912 μὴ
1613 1863 1812 1911 τεχνῖται.

249 1938 283 1965 2.
314 1929 634 1972 imprudentes
674 1928 731 1965 de
768 1928 1080 1972 prudentibus
1121 1927 1416 1970 judicantes:
1465 1926 1476 1944 ‘
1498 1927 1709 1963 amateurs
1747 1924 1859 1962 criti—

192 1988 324 2039 cizing
341 1986 660 2039 professionals.'

249 2061 284 2099 3.
316 2052 502 2089 Malunt
541 2052 737 2089 nescire.
797 2048 943 2100 ‘They
969 2048 1106 2099 prefer
1144 2051 1188 2086 to
1227 2047 1280 2086 be
1317 2048 1515 2098 ignorant
1551 2047 1725 2086 because
1762 2045 1862 2097 they

193 2112 364 2163 already
382 2112 481 2150 hate
499 2124 509 2159 ;
538 2112 622 2150 and
647 2111 747 2150 thus
771 2111 866 2150 that
881 2110 1018 2150 which
1048 2111 1151 2162 they
1169 2110 1294 2149 know
1312 2114 1388 2149 not
1407 2109 1509 2161 they
1528 2109 1728 2161 prejudge
1747 2112 1792 2147 to
1810 2109 1862 2147 be

193 2173 294 2211 such
312 2186 373 2222 as,
393 2172 428 2210 if
443 2173 545 2225 they
564 2173 640 2211 did
655 2173 790 2219 know,
811 2172 915 2224 they
932 2172 1053 2211 could
1071 2176 1145 2211 not
1162 2169 1288 2210 hate.'

249 2246 286 2286 5.
319 2237 361 2273 si
379 2238 564 2273 nullum
584 2237 682 2273 odii
698 2237 922 2282 debitum,
947 2236 957 2254 ‘
973 2233 1010 2272 if
1025 2247 1079 2272 no
1094 2235 1181 2285 just
1199 2233 1362 2285 ground
1381 2233 1428 2272 of
1441 2232 1592 2272 hatred
1612 2232 1663 2271 be
1677 2230 1808 2270 found
1823 2229 1832 2245 ’
1851 2244 1860 2277 ;

193 2297 229 2336 if
263 2298 380 2336 there
408 2298 445 2336 is
474 2298 653 2349 nothing
680 2301 725 2336 to
753 2296 902 2349 justify
930 2296 1003 2335 the
1032 2297 1203 2348 general
1231 2296 1382 2335 hatred
1411 2295 1548 2335 which
1580 2293 1860 2344 Christianity

195 2361 361 2399 excites.

253 2433 314 2462 10.
350 2425 444 2462 Sed
473 2435 570 2462 non
601 2424 723 2470 ideo,
752 2423 922 2467 inquit.
981 2423 993 2443 ‘
1010 2421 1112 2470 But,
1132 2421 1167 2459 it
1195 2433 1293 2471 may
1312 2421 1364 2459 be
1393 2419 1497 2468 said,
1519 2433 1544 2458 a
1572 2419 1695 2469 thing
1723 2416 1759 2455 is
1788 2420 1863 2455 not

195 2484 403 2523 therefore
440 2485 548 2536 good
580 2484 753 2523 because
787 2485 822 2522 it
862 2486 1040 2522 attracts
1078 2483 1152 2521 the
1188 2496 1329 2533 many.
1391 2482 1467 2521 See
1506 2482 1600 2520 how
1630 2491 1759 2529 many
1791 2492 1863 2517 are

193 2546 432 2598 previously
451 2546 644 2597 disposed
663 2552 707 2585 to
727 2546 824 2593 evil,
843 2545 937 2584 how
956 2557 1085 2596 many
1105 2545 1245 2583 desert
1264 2549 1308 2584 to
1327 2544 1401 2583 the
1422 2543 1509 2582 side
1530 2542 1575 2581 of
1592 2555 1705 2581 error
1725 2543 1732 2580 Ξ
1749 2539 1760 2555 ’

255 2618 316 2657 13.
348 2610 498 2647 Omne
527 2611 698 2647 malum
726 2612 808 2646 aut
836 2610 1018 2646 timore.
1077 2608 1088 2626 ‘
1105 2606 1240 2644 There
1269 2607 1305 2645 is
1330 2619 1356 2644 a
1375 2618 1494 2644 sense
1513 2605 1559 2643 of
1581 2602 1799 2654 shrinking
1818 2615 1864 2640 or

197 2669 339 2708 shame
371 2670 660 2721 instinctively
677 2669 874 2708 attached
902 2673 946 2707 to
976 2682 1101 2720 every
1121 2665 1231 2706 evil.'

255 2742 319 2781 14.
348 2733 572 2779 perfudit,
607 2731 673 2769 lit.
721 2731 915 2769 ‘Nature
947 2730 1052 2768 hath
1090 2727 1286 2780 steeped‚⁷
1316 2726 1531 2777 ‘flooded,'
1564 2726 1770 2767 ‘bathed'
1792 2741 1802 2776 3
1841 2742 1866 2766 a

196 2793 332 2843 poetic
352 2792 436 2830 and
454 2792 540 2830 late
559 2805 677 2842 prose
698 2804 771 2830 use
788 2804 796 2830 ε
828 2804 872 2829 so
892 2792 1017 2842 again
1037 2791 1101 2829 ch.
1124 2801 1190 2840 40.

257 2861 318 2904 17.
349 2856 644 2892 dinumerant
671 2855 722 2890 in
749 2854 1036 2898 semetipsos.
1094 2852 1182 2890 The
1218 2849 1455 2901 expression
1486 2863 1618 2889 seems
1650 2853 1695 2888 to
1729 2850 1865 2901 imply

197 2916 496 2966 introspection
509 2914 859 2965 unaccompanied
870 2913 927 2963 by
940 2926 1132 2952 remorse.
1190 2912 1474 2951 Dinzomerare
1484 2930 1519 2943 =
1533 2915 1543 2932 ‘
1555 2915 1600 2950 to
1612 2911 1767 2950 reckon
1780 2910 1865 2962 up,'

200 2991 253 3016 sc.
293 2980 391 3016 acta
428 2990 519 3025 Sua,
559 2976 665 3014 with
698 2989 723 3014 a
760 2988 878 3013 sense
909 2975 1009 3013 here
1040 2974 1085 3012 of
1112 2974 1457 3013 animadversion.
1517 2973 1594 3011 ‘In
1624 2973 1737 3012 their
1767 2986 1863 3011 con-

200 3040 377 3078 sciences
407 3039 511 3089 they
537 3041 711 3076 recount
737 3036 850 3075 their
879 3036 1017 3083 deeds,
1047 3036 1125 3074 but
1162 3036 1322 3086 impute
1354 3039 1400 3074 to
1433 3035 1520 3073 fate
1553 3064 1562 3073 .
1607 3065 1615 3074 .
1660 3033 1684 3074 .'
1718 3034 1860 3085 Comp.

199 3100 272 3139 the
296 3100 470 3152 parallel
493 3112 666 3150 passage
698 3098 755 3136 ad
784 3098 890 3136 Nat.
915 3097 943 3135 i.
979 3109 1012 3142 Ι,
1047 3097 1322 3147 ‘exprobrant
1347 3097 1502 3135 etenim
1529 3096 1640 3147 quod
1669 3100 1789 3135 erant
1818 3096 1863 3133 in

201 3163 465 3212 semetipsos:
496 3162 632 3199 malae
656 3160 809 3199 mentis
836 3160 889 3198 ab
917 3160 1154 3197 innocentia
1183 3159 1410 3197 transitum
1429 3158 1497 3196 vel
1517 3158 1605 3197 fato
1624 3158 1860 3209 imputant3

202 3224 305 3262 adeo
325 3223 475 3262 nolunt
496 3235 618 3261 suum
639 3235 739 3271 esse,
761 3221 860 3273 quia
878 3221 1037 3260 malum
1055 3233 1209 3272 negare
1228 3233 1312 3259 non
1331 3217 1531 3271 possunt.'
