2154 3564
255 200 285 250 8
726 201 1058 255 Tertulliani
1091 202 1465 271 Apologetz‘cus
1738 210 1857 264 [CAP.
1880 217 1933 254 11.

257 361 352 392 non
397 343 695 393 examinatio
754 344 1001 393 criminis:
1063 346 1255 407 quando
1313 345 1356 394 si
1414 345 1473 393 de
1522 346 1687 409 aliquo
1732 351 1936 395 nocente

259 427 565 490 cognoscitis,
603 445 701 475 non
751 427 922 475 statim
973 428 1184 475 confesso
1235 444 1290 475 eo
1331 445 1505 476 nomen
1540 429 1820 488 homicidae,
1858 430 1937 478 vel

260 510 498 574 sacrilegi,
558 511 638 559 vel
697 511 886 570 incesti,
935 511 1014 559 vel
1064 511 1251 574 publici
1302 510 1458 559 hostis
1510 510 1590 571 (ut
1650 513 1709 560 de
1755 512 1938 560 nostris

260 593 432 657 elogiis
481 591 675 657 loquar)
730 592 948 641 contenti
995 593 1106 641 sitis
1153 593 1216 641 ad
1262 594 1692 657 pronuntiandum,
1741 595 1836 643 nisi
1887 600 1938 643 et

219 675 607 738 5consequentia
656 674 881 737 exigatis,
925 675 1216 737 qualitatem
1263 675 1397 735 facti,
1439 692 1708 736 numerum,
1756 678 1934 737 locum,

256 758 466 816 modum,
492 761 700 821 tempus,
728 757 955 815 conscios,
983 758 1147 807 socios.
1235 758 1310 806 De
1348 758 1487 806 nobis
1523 759 1648 806 nihil
1683 759 1797 818 tale,
1824 777 1934 808 cum

256 857 407 903 aeque
443 839 725 902 extorqueri
760 844 1022 902 oporteret,
1049 840 1375 904 quodcunque
1412 841 1533 889 falso
1552 841 1787 904 jactatur,
1814 848 1935 906 quot

258 922 462 984 quisque
493 921 596 985 jam
630 922 941 970 infanticidia
976 923 1293 985 degustasset,
1332 927 1452 986 quot
1487 923 1673 972 incesta
1710 928 1934 972 contene-

257 1005 458 1062 brasset,
486 1005 572 1067 qui
597 1004 711 1062 coci,
738 1003 825 1068 qui
849 1022 990 1053 canes
1019 1004 1283 1053 affuissent.
1360 1005 1404 1054 O
1430 1011 1613 1068 quanta
1640 1006 1774 1054 illius
1798 1023 1935 1070 prae-

194 1101 244 1128 10
258 1086 377 1134 sidis
426 1086 596 1150 gloria,
623 1086 664 1136 si
712 1086 920 1135 eruisset
967 1087 1193 1149 aliquem,
1220 1087 1305 1151 qui
1347 1092 1540 1136 centum
1575 1089 1680 1152 jam
1721 1089 1936 1138 infantes

258 1170 571 1217 comedisset!
641 1167 835 1231 Atquin
858 1169 1135 1218 invenimus
1158 1169 1528 1232 inquisitionem
1556 1189 1748 1235 quoque
1771 1171 1825 1219 in
1848 1189 1935 1220 nos

259 1252 570 1314 prohibitam.
622 1252 810 1300 Plinius
835 1252 965 1300 enim
992 1253 1243 1301 Secundus
1267 1270 1377 1301 cum
1400 1253 1703 1317 provinciam
1727 1260 1934 1318 regeret,

261 1334 507 1382 damnatis
547 1334 838 1397 quibusdam
877 1335 1187 1393 Christianis,
1231 1336 1522 1398 quibusdam
1570 1337 1743 1399 gradu‘
1763 1337 1935 1401 pulsis,

259 1418 364 1480 ipsa
398 1421 562 1465 tamen
597 1417 915 1466 multitudine
952 1418 1282 1480 perturbatus,
1310 1418 1431 1481 quid
1466 1419 1525 1467 de
1563 1425 1722 1467 cetero
1758 1426 1938 1483 ageret,

197 1508 248 1549 15
264 1499 509 1547 consuluit
555 1503 674 1547 tunc
734 1500 999 1563 Trajanum
1058 1501 1419 1564 imperatorem,
1468 1501 1684 1565 allegans
1742 1507 1938 1565 praeter

321 1679 356 1706 1.
386 1669 575 1713 quando
595 1668 636 1705 si
657 1697 666 1706 .
691 1695 702 1706 .
725 1697 734 1706 .
757 1669 1057 1714 cognoscitis„
1115 1667 1362 1719 Goqnosaere
1380 1668 1481 1708 here
1499 1669 1622 1709 bears
1650 1669 1707 1709 its
1730 1670 1940 1710 technical

257 1731 456 1781 meaning
500 1729 546 1769 of
593 1733 604 1751 ‘
619 1730 864 1782 examining
911 1730 1136 1784 judicially
1166 1732 1257 1770 into
1298 1745 1324 1771 a
1366 1732 1561 1771 criminal
1600 1746 1694 1772 case
1735 1732 1877 1772 before
1915 1746 1940 1772 a

260 1789 478 1832 tribunal.’

318 1866 353 1893 2.
367 1855 730 1902 homicidae,vel
744 1855 973 1903 sacrilegi,
984 1857 1058 1894 etc.
1077 1855 1193 1894 Each
1204 1855 1249 1894 of
1253 1855 1373 1895 these
1386 1856 1579 1895 crimina]
1591 1856 1762 1908 charges
1774 1856 1940 1909 (elogia,

263 1915 402 1962 titali,
420 1928 486 1953 see
507 1918 609 1953 next
623 1914 742 1964 note)
757 1928 844 1954 was
856 1914 1049 1954 fastened
1068 1929 1181 1967 upon
1194 1916 1268 1955 the
1284 1917 1519 1956 Christians
1534 1918 1591 1969 by
1603 1917 1716 1956 their
1735 1919 1915 1957 enemies
1931 1931 1940 1957 ι

223 1992 225 1999 ·
262 1990 393 2028 comp.
415 1976 560 2024 below,
586 1978 595 1995 ‘
611 1976 900 2015 Christianum
920 1976 1134 2017 hominem
1154 1979 1342 2017 omnium
1362 1979 1565 2019 scelerum
1583 1977 1728 2028 reum‚’
1749 1982 1824 2020 etc.

321 2049 358 2088 3.
386 2042 440 2077 ut
471 2039 528 2076 de
548 2039 726 2076 nostris
757 2040 926 2085 elogiis
945 2041 1126 2086 loquar.
1183 2040 1382 2091 Eloyium
1400 2041 1446 2079 in
1474 2041 1586 2092 legal
1610 2041 1886 2093 phraseology
1904 2041 1941 2080 is

264 2105 274 2122 ‘
295 2101 369 2140 the
405 2099 582 2151 judicial
615 2103 846 2140 statement
863 2098 874 2117 '
913 2115 960 2140 or
998 2103 1009 2122 ‘
1022 2102 1210 2142 abstract
1242 2103 1288 2142 of
1321 2103 1395 2142 the
1426 2104 1621 2142 criminal
1658 2103 1810 2155 charge
1823 2102 1833 2120 '
1847 2118 1856 2143 :
1897 2116 1942 2142 so

264 2165 432 2201 mittere
460 2161 645 2212 aliquem
666 2175 760 2201 cum
781 2163 996 2214 eZ09i0,=‘
1009 2168 1054 2203 to
1074 2165 1177 2204 send
1196 2178 1221 2204 a
1240 2178 1391 2216 person
1410 2165 1551 2204 before
1571 2166 1646 2204 the
1674 2166 1942 2217 magistrates

267 2238 320 2263 on
339 2237 364 2262 a
383 2226 568 2262 warrant
587 2223 819 2276 specifying
836 2224 902 2264 his
921 2225 1108 2265 offence.'
1146 2226 1288 2278 Comp.
1311 2226 1369 2264 ad
1388 2225 1518 2277 Scap.
1539 2238 1577 2277 4,
1598 2229 1608 2247 ⁶
1623 2227 1791 2265 Pudens
1812 2226 1943 2266 etiam

265 2286 439 2324 missum
458 2285 512 2324 ad
531 2298 575 2323 se
596 2284 887 2325 Christianum
906 2287 953 2325 in
973 2287 1106 2339 elogio
1134 2289 1402 2328 concussione
1422 2289 1510 2340 ejus
1531 2289 1750 2328 intellecta
1769 2289 1943 2337 dimisit,

268 2348 394 2387 scisso
428 2347 573 2386 eodem
603 2346 750 2399 elogio,
785 2349 879 2387 sine
908 2354 1149 2389 accusatore
1178 2363 1337 2400 negans
1367 2363 1409 2388 se
1440 2350 1688 2389 auditurum
1717 2350 1942 2398 hominem,

269 2409 498 2449 secundum
516 2408 794 2449 mandatum?
842 2410 919 2450 See
939 2412 1028 2451 also
1045 2412 1181 2451 below
1196 2412 1260 2452 ch.
1279 2424 1344 2461 24,
1361 2412 1712 2464 ‘irreligiositatis
1733 2410 1942 2464 elogium,’

269 2474 279 2492 ⁶
295 2471 368 2510 the
392 2471 585 2510 criminal
610 2471 763 2523 charge
786 2471 831 2511 of
855 2471 1098 2525 irreligion'
1115 2487 1125 2523 ;
1154 2474 1218 2513 ch.
1242 2486 1311 2525 44,
1333 2476 1344 2496 ‘
1357 2474 1431 2525 qui
1459 2474 1682 2513 sententiis
1707 2475 1840 2526 elogia
1860 2474 1944 2513 dis-

270 2533 455 2585 pungitis
470 2531 479 2548 ’
497 2546 506 2573 :
538 2546 670 2585 comp.
691 2533 862 2574 Sueton.
885 2535 1024 2584 Caliq.
1050 2543 1114 2587 27,
1137 2539 1148 2557 ‘
1163 2536 1448 2575 custodiarum
1468 2536 1617 2575 seriem
1636 2549 1944 2588 recognoscens,

271 2595 429 2633 nullius
470 2595 657 2646 inspecto
697 2595 846 2647 elogio,
877 2601 994 2636 stans
1024 2597 1317 2637 tantummodo
1354 2597 1468 2636 intra
1503 2597 1713 2648 porticum
1744 2597 1940 2646 mediam,

274 2671 297 2694 a
316 2656 434 2695 calvo
455 2656 509 2695 ad
529 2656 695 2695 calvum
716 2657 813 2697 duci
832 2658 1084 2710 imperavit.’

326 2731 365 2768 4.
396 2721 457 2756 ad
494 2721 926 2763 pronuntiandum:
977 2721 1107 2761 absol.
1148 2722 1159 2741 ‘
1176 2724 1221 2760 to
1257 2734 1494 2772 pronounce
1531 2720 1606 2761 the
1642 2719 1826 2760 verdict’
1845 2734 1853 2761 :
1898 2733 1943 2760 as

274 2779 416 2817 Cicero
436 2778 486 2816 de
506 2777 584 2831 Off
608 2779 669 2818 iii.
697 2779 758 2819 16.
781 2780 848 2829 66,
871 2783 883 2802 ‘
898 2781 1026 2833 judex
1046 2783 1108 2821 ita
1127 2781 1446 2833 pronuntiavit.'

331 2840 367 2877 8.
396 2841 694 2880 infanticidia
714 2844 1034 2888 degustasset:
1067 2857 1133 2883 see
1152 2843 1216 2883 ch.
1241 2851 1276 2895 7.

334 2913 397 2951 13.
428 2904 711 2947 quibusdam
735 2908 885 2950 gradu
913 2909 1062 2952 pulsis
1081 2919 1089 2945 :
1124 2909 1134 2927 ‘
1148 2906 1232 2945 and
1253 2919 1366 2945 some
1386 2904 1647 2958 degraded’3
1676 2906 1879 2957 referring
1898 2910 1943 2945 to

274 2965 393 3003 those
414 2963 508 3002 who
526 2964 627 3003 held
646 2964 747 3015 high
767 2967 874 3005 rank
894 2981 939 3006 or
959 2969 1100 3016 office;
1129 2981 1196 3007 see
1216 2972 1314 3007 note
1334 2969 1398 3008 ch.
1424 2980 1459 3009 1.
1567 3009 1571 3012 ,

335 3037 395 3075 14.
427 3028 545 3071 quid
565 3029 622 3065 de
644 3030 799 3066 cetero
821 3034 1006 3075 ageret:
1040 3032 1050 3050 ‘
1064 3030 1157 3068 how
1176 3029 1230 3069 he
1251 3029 1402 3069 should
1422 3034 1491 3069 act
1510 3031 1554 3068 in
1573 3029 1647 3068 the
1666 3027 1835 3068 future?

334 3098 396 3137 15.
428 3091 666 3129 consuluit
700 3091 965 3136 Trajanum.
1013 3092 1123 3131 Plin.
1146 3092 1257 3143 Epp.
1278 3106 1317 3131 x.
1340 3091 1392 3143 96
1413 3106 1421 3132 :
1453 3106 1520 3131 see
1540 3091 1613 3130 the
1631 3091 1758 3130 letter
1776 3091 1943 3142 printed

276 3150 324 3187 in
342 3149 416 3188 the
433 3150 657 3200 Appendix
678 3150 783 3191 with
795 3150 983 3203 Trajan's
1003 3153 1123 3204 reply
1138 3166 1149 3202 3
1169 3153 1253 3192 and
1267 3153 1340 3192 the
1352 3153 1540 3192 remarks
1568 3153 1613 3191 in
1627 3152 1701 3191 the
1721 3152 1942 3191 Introduc-

277 3212 382 3259 tion,
401 3224 506 3264 page
525 3211 611 3250 xiv.
