2154 3564
287 185 356 247 84
621 184 625 190 “
747 182 1079 236 Tertulliani
1110 182 1484 249 Apologetz'cus
1678 187 1799 241 [CAP.
1818 192 1952 229 XXII.

275 344 447 389 ¹quam.
531 326 878 391 Dispositiones
925 325 1073 374 etiam
1124 325 1231 384 Dei,
1279 331 1328 373 et
1378 329 1496 373 tunc
1544 323 1796 388 prophetis
1842 341 1954 372 con-

286 409 592 458 cionantibus
646 412 952 473 exceperunt,
1001 413 1051 455 et
1101 424 1230 454 nunc
1280 407 1569 454 lectionibus
1617 406 1955 455 resonantibus

287 498 510 556 carpunt.
581 493 662 540 Ita
696 498 744 541 et
779 492 893 538 hinc
931 495 1175 539 sumentes
1212 491 1443 553 quasdam
1478 495 1751 553 temporum
1787 495 1954 542 sortes,

287 577 595 625 aemulantur
619 575 926 623 divinitatem
951 573 1067 621 dum
1090 573 1318 620 furantur
1341 572 1702 621 divinationem.

248 684 271 726 5
355 660 417 706 In
441 658 647 706 oraculis
679 662 843 705 autem
871 673 966 719 quo
1002 655 1196 718 ingenio
1232 654 1578 718 ambiguitates
1613 658 1886 718 temperent
1906 654 1957 701 in

287 745 504 800 eventuS‚
533 739 693 788 sciunt
729 737 908 797 Croesi,
942 738 1101 786 sciunt
1138 737 1327 799 Pyrrhi.
1399 737 1629 786 Ceterum
1658 737 1957 785 testudinem

288 822 492 885 decoqui
516 838 623 869 cum
656 821 883 869 carnibus
907 820 1104 883 pecudis
1138 819 1346 881 Pythius
1380 837 1435 867 eo
1468 821 1606 868 modo
1640 819 1957 876 renuntiavit,

288 923 383 969 quo
409 923 558 967 supra
581 904 820 963 diximus3
858 909 1103 951 momento
1130 903 1260 966 apud
1285 903 1492 965 Lydiam
1514 904 1687 951 fuerat.
1759 903 1959 951 Habent

288 989 348 1035 de
388 987 605 1035 incolatu
646 986 770 1035 aeris
813 991 862 1033 et
905 986 963 1032 de
1007 985 1186 1034 vicinia
1228 985 1442 1033 siderum
1483 991 1531 1034 et
1574 986 1633 1033 de
1680 985 1960 1034 commercio

224 1093 272 1121 10
288 1070 492 1117 nubium
527 1069 755 1117 caelestes
792 1073 1266 1131 sapere‘paraturas,
1296 1072 1355 1115 ut
1392 1072 1440 1116 et
1475 1068 1684 1132 pluvias,
1710 1085 1828 1131 quas
1857 1067 1960 1131 jam

287 1153 519 1210 sentiunt,
556 1151 910 1214 repromittant.
981 1150 1201 1198 Venefici
1235 1151 1378 1213 plane
1416 1156 1465 1199 et
1501 1150 1630 1199 circa
1667 1168 1806 1198 curas
1830 1149 1959 1197 vale-

287 1235 527 1285 tudinum.
598 1234 823 1282 Laedunt
848 1233 976 1280 enim
1000 1233 1173 1295 primo,
1200 1233 1374 1281 dehinc
1406 1233 1621 1281 remedia
1651 1232 1960 1296 praecipiunt

287 1319 350 1366 ad
402 1317 693 1366 miraculum
744 1333 881 1376 nova,
933 1315 1035 1363 sive
1086 1316 1344 1375 contraria,
1393 1320 1504 1378 post
1561 1333 1683 1379 quae
1730 1315 1961 1363 desinunt

287 1401 492 1458 laedere,
533 1403 582 1447 et
621 1415 812 1447 curasse
855 1398 1136 1445 creduntur.
1227 1397 1358 1457 Quid
1406 1415 1519 1461 ergo
1560 1399 1620 1445 de
1668 1398 1844 1446 ceteris
1886 1397 1960 1444 in-

224 1502 272 1542 15
289 1482 444 1546 geniis
468 1482 548 1531 vel
582 1481 730 1529 etiam
754 1480 941 1528 viribus
977 1479 1196 1527 fallaciae
1233 1480 1468 1543 spiritalis
1504 1480 1776 1539 edisseram,
1804 1479 1960 1543 phan-

292 1570 498 1614 tasmata
547 1564 821 1623 Castorum,
870 1567 919 1610 et
967 1580 1143 1626 aquam
1192 1562 1349 1610 cribro
1396 1567 1649 1625 gestatam,
1692 1569 1742 1611 et
1790 1579 1961 1610 navem

352 1724 388 1751 1.
419 1713 770 1757 Dispositiones
802 1712 946 1749 etiam
980 1712 1081 1756 Dei,
1119 1708 1216 1748 ‘the
1249 1708 1441 1748 counsels
1474 1708 1520 1748 of
1547 1709 1690 1757 God'3
1720 1721 1763 1747 so
1797 1707 1860 1747 ch.
1894 1719 1963 1759 41,

297 1774 503 1813 ‘admitte
534 1774 650 1824 prius
682 1771 976 1824 dispositiones
1006 1768 1125 1822 ejus.’
1181 1770 1324 1821 Comp.
1355 1771 1474 1810 Just.
1504 1770 1636 1811 Mart.
1667 1769 1792 1821 Apol.
1823 1770 1849 1808 i.
1883 1780 1963 1819 543

294 1836 390 1888 Cyr.
408 1837 437 1875 J
443 1850 499 1874 er.
520 1848 588 1873 xv.
614 1845 678 1872 ΙΙ.

352 1909 388 1938 2.
417 1899 704 1936 lectionibus
742 1897 1101 1935 resonantibus:
1138 1892 1223 1932 abl.
1255 1892 1384 1932 absol.
1414 1892 1524 1931 ‘and
1555 1906 1651 1932 now
1681 1892 1785 1944 they
1815 1891 1964 1931 snatch

294 1958 412 1998 them
433 1960 482 2009 (οἵ.
500 1971 530 1997 e.
552 1956 862 2009 dispositiones)
886 1957 1028 1995 whilst
1056 1955 1130 1994 the
1158 1954 1302 2005 public
1330 1953 1525 2005 readings
1554 1954 1600 1993 of
1623 1954 1698 1992 the
1726 1953 1963 2004 Scriptures

297 2035 368 2060 are
388 2021 596 2070 sounding
610 2018 620 2036 '
635 2033 644 2067 ;
674 2033 805 2071 comp.
827 2019 892 2058 ch.
918 2020 982 2065 18,
1004 2021 1014 2039 ‘
1030 2017 1188 2056 Judaei
1209 2016 1350 2067 palam
1368 2014 1595 2064 lectitant‚'
1615 2019 1694 2056 ete.

352 2095 391 2133 4.
422 2085 716 2121 aemulantur
736 2084 1060 2120 divinitatem:
1092 2085 1101 2100 ⁵
1117 2079 1222 2130 they
1241 2077 1310 2117 vie
1333 2078 1456 2128 (with
1476 2078 1586 2128 God)
1607 2078 1652 2116 in
1677 2077 1822 2129 laying
1841 2077 1966 2115 claim

295 2150 341 2184 to
361 2158 386 2183 a
406 2142 618 2195 divinity,'
637 2143 773 2182 which
791 2143 827 2182 is
847 2142 1034 2181 founded
1054 2154 1166 2192 upon
1186 2154 1211 2178 a
1231 2140 1367 2178 stolen
1396 2139 1623 2187 divinatio,
1653 2138 1773 2178 itself
1796 2139 1964 2177 fraudu-

295 2208 386 2246 lent
426 2207 510 2245 and
551 2205 790 2257 dependent
826 2218 939 2256 upon
977 2204 1051 2243 the
1090 2203 1190 2254 only
1227 2202 1315 2240 real
1354 2201 1478 2253 thing
1516 2202 1646 2241 about
1684 2200 1816 2249 them,
1855 2201 1966 2239 their

296 2270 511 2309 velocium.

352 2331 390 2370 6.
422 2334 580 2371 sciunt
612 2331 786 2377 Croesi,
808 2330 963 2368 sciunt
993 2328 1178 2374 Pyrrhi.
1236 2325 1396 2364 Herod.
1418 2325 1445 2363 i.
1469 2336 1534 2375 53,
1558 2336 1624 2376 55,
1648 2336 1697 2376 91
1717 2337 1728 2372 ;
1758 2324 1899 2363 Cicero
1918 2326 1966 2364 de

295 2394 382 2434 div.
404 2394 446 2433 ii.
471 2391 538 2444 56.

356 2465 391 2506 7.
422 2457 640 2501 Pythius,
698 2451 857 2492 Herod.
879 2452 905 2491 i.
927 2450 1079 2503 46—48.

356 2529 418 2567 13.
447 2530 588 2566 nova,
608 2519 708 2554 sive
735 2517 993 2555 contraria:
1014 2515 1044 2552 i.
1062 2527 1093 2552 e.
1117 2511 1252 2552 either
1271 2525 1364 2550 new
1383 2509 1575 2549 methods
1596 2509 1642 2549 of
1656 2513 1897 2556 treatment,
1921 2523 1966 2548 or

297 2580 382 2619 else
402 2579 606 2619 remedies
627 2578 809 2628 entirely
829 2576 1009 2628 opposed
1028 2580 1072 2614 to
1093 2575 1166 2615 the
1187 2574 1385 2625 ordinary
1404 2586 1516 2615 ones.

356 2653 417 2691 14.
447 2643 668 2687 ingeniis.
726 2639 802 2678 See
822 2642 934 2686 note,
955 2639 1018 2677 ch.
1043 2648 1103 2688 15.

358 2713 419 2753 15.
449 2705 779 2749 phantasmata
799 2703 1061 2739 Castorum.
1109 2698 1197 2737 The
1217 2696 1380 2748 alleged
1401 2707 1677 2748 appearances
1691 2695 1736 2734 of
1750 2694 1825 2733 the
1843 2694 1963 2733 Dios—

299 2766 388 2803 curi
428 2769 473 2804 at
503 2765 578 2804 the
607 2764 745 2804 battle
776 2762 821 2802 of
849 2763 967 2801 Lake
999 2761 1206 2812 Regillus,
1238 2759 1322 2798 and
1351 2759 1398 2797 in
1429 2759 1561 2796 Rome
1594 2757 1859 2807 announcing
1888 2756 1963 2794 the

301 2828 461 2879 victory
480 2828 525 2866 in
544 2828 618 2866 the
639 2826 815 2865 Persian
833 2838 945 2872 war;
973 2824 1070 2862 Val.
1095 2823 1211 2862 Max.
1233 2823 1262 2862 i.
1285 2823 1307 2860 8
1325 2835 1334 2869 ;
1363 2834 1495 2872 comp.
1516 2821 1666 2859 Florus
1682 2819 1806 2870 Epit.
1827 2819 1871 2857 ii.
1891 2830 1936 2856 12
1955 2831 1964 2865 ;

300 2889 360 2929 iii.
383 2899 434 2937 33
465 2890 549 2928 Cic.
573 2889 623 2926 de
641 2890 730 2927 mit.
753 2887 865 2926 deor.
885 2886 927 2925 ii.
953 2898 999 2931 2;
1030 2885 1139 2924 Min.
1161 2884 1282 2924 Felix
1304 2892 1342 2934 7,
1365 2890 1428 2932 27.

361 2949 423 2989 16.
455 2963 622 2996 aquam
642 2952 798 2989 cribro
819 2952 1047 2995 gestatam
1065 2961 1072 2985 :
1093 2947 1167 2984 the
1188 2945 1328 2984 ordeal
1347 2945 1403 2995 by
1422 2942 1559 2983 Which
1578 2941 1652 2981 the
1670 2942 1893 2980 innocence
1913 2939 1958 2978 of

300 3011 463 3058 Tuccia,
488 3025 512 3049 a
531 3011 666 3049 vestal
686 3010 834 3060 virgin,
858 3021 944 3049 was
965 3006 1245 3053 established3
1274 3005 1370 3044 Val.
1393 3005 1512 3043 Max.
1532 3004 1621 3043 viii.
1647 3015 1683 3042 Ι.

410 3084 579 3112 navem
614 3074 801 3117 cingulo
837 3073 1124 3116 promotam:
1165 3067 1369 3117 referring
1398 3070 1443 3105 to
1471 3065 1544 3104 the
1573 3068 1689 3115 story
1717 3062 1762 3102 of
1786 3061 1964 3100 Claudia

303 3134 472 3180 Quinta,
496 3148 520 3172 a
541 3134 704 3172 Roman
724 3137 889 3171 matron
910 3131 1037 3183 (Min.
1061 3131 1182 3169 Felix
1207 3128 1273 3180 27)
1301 3128 1440 3167 whose
1460 3127 1644 3178 chastity
1659 3125 1745 3164 had
1763 3125 1869 3163 been
1890 3124 1965 3162 im-

301 3196 469 3247 pugned
493 3196 569 3248 (or,
601 3194 818 3245 according
849 3197 893 3233 to
922 3193 1068 3232 Aurel.
1092 3192 1241 3231 Victor
1260 3191 1310 3229 de
1334 3190 1410 3230 vir.
1429 3189 1590 3229 illustr.
1611 3186 1677 3239 46,
1707 3186 1847 3237 ‘virgo
1875 3197 1968 3225 ves·
