2154 3564
209 170 306 209 CAP.
324 165 458 217 XX1.]
527 155 781 208 adversus
824 157 1016 209 Gentes
1041 166 1145 224 pro
1191 157 1536 211 Christianis,
1798 171 1862 228 79

207 298 372 360 gentia
431 299 851 358 circumsederunt,
910 317 982 358 ne,
1045 298 1157 362 quia
1214 299 1521 361 praedixerat
1580 302 1728 348 tertia
1786 303 1863 350 die

206 385 591 428 resurrecturum
631 398 680 429 se
717 399 745 428 a
783 386 950 442 morte,
993 381 1220 444 discipuli
1262 383 1393 428 furto
1434 382 1621 429 amoliti
1663 384 1865 431 cadaver

205 463 424 510 fallerent
467 467 722 526 suspectos.
806 463 901 512 Sed
943 479 1051 510 6666
1092 463 1170 510 die
1212 463 1361 510 tertia
1400 481 1626 511 concussa
1666 470 1864 527 repente

205 549 349 604 terra,
399 549 448 592 et
495 545 618 592 mole
666 546 901 605 revoluta,
951 562 1075 608 quae
1126 546 1432 593 obstruxerat
1479 547 1768 609 sepulcrum,
1816 553 1864 594 et

205 626 421 674 custodia
449 644 626 689 pavore
655 627 871 689 disjecta,
898 627 1048 674 nullis
1080 628 1427 690 apparentibus
1451 628 1716 691 discipulis,
1742 629 1864 676 nihil
1883 648 1902 687 5

203 708 256 755 in
306 710 525 771 sepulcro
582 716 825 772 repertum
881 714 969 768 est,
1021 715 1359 772 praeterquam
1415 711 1615 758 exuviae
1671 712 1864 773 sepulti.

203 791 533 839 Nihilominus
580 796 743 839 tamen
790 791 1037 854 primores,
1081 809 1286 854 quorum
1332 792 1577 851 intererat,
1621 800 1668 840 et
1715 794 1866 841 scelus

204 874 468 936 divulgare,
507 879 555 920 et
589 873 821 936 populum
855 873 1143 935 vectigalem
1179 882 1228 920 et
1262 874 1543 921 famularem
1579 875 1672 923 sibi
1707 893 1735 922 a
1771 876 1865 923 fide

203 971 441 1014 revocare,
487 956 770 1017 subreptum
812 973 840 1002 a
882 955 1133 1017 discipulis
1174 955 1538 1017 jactitaverunt.
1609 956 1737 1004 Nam
1779 974 1865 1004 nec

203 1038 284 1084 ille
319 1054 366 1084 se
398 1037 451 1083 in
474 1037 650 1099 vulgus
686 1036 867 1095 eduxit,
894 1054 954 1083 ne
983 1036 1127 1099 impii
1164 1054 1326 1084 errore
1362 1038 1697 1097 liberarentur,
1725 1044 1782 1086 ut
1818 1045 1864 1087 et
1885 1056 1933 1082 10

202 1119 332 1178 fides,
360 1136 457 1166 non
492 1118 719 1166 mediocri
753 1119 969 1181 praemio
1007 1119 1262 1178 destinata,
1287 1119 1572 1167 difficultate
1611 1126 1866 1169 constaret.

205 1200 328 1247 Cum
365 1200 616 1262 discipulis
653 1204 816 1247 autem
852 1200 1142 1262 quibusdam
1177 1202 1304 1263 apud
1343 1201 1610 1249 Galilaeam
1651 1203 1682 1249 J
1686 1204 1866 1251 udaeae

202 1282 446 1346 regionem
470 1284 532 1329 ad
557 1283 880 1345 quadraginta
906 1283 1007 1330 dies
1033 1283 1148 1346 egit,
1179 1285 1352 1331 docens
1378 1301 1455 1331 eos
1481 1302 1601 1347 quae
1626 1286 1865 1333 docerent.

203 1365 388 1412 Dehinc
438 1364 674 1412 ordinatis
721 1365 790 1412 eis
837 1366 899 1412 ad
946 1365 1154 1412 officium
1200 1365 1511 1428 praedicandi
1557 1384 1645 1430 per
1687 1368 1862 1426 orbem,

202 1447 493 1495 circumfusa
528 1447 656 1493 nube
690 1446 742 1493 in
778 1448 963 1495 caelum
998 1451 1070 1495 est
1106 1452 1311 1510 ereptus,
1342 1449 1496 1495 multo
1521 1450 1682 1496 verius
1720 1468 1863 1512 quam
1883 1473 1930 1512 15

202 1531 332 1592 apud
366 1547 450 1577 Vos
485 1547 753 1577 asseverare
791 1530 849 1577 de
885 1530 1089 1577 Romulo
1127 1530 1318 1577 Proculi
1355 1531 1523 1578 solent.
1597 1531 1670 1578 Ea
1706 1533 1865 1580 omnia

202 1629 345 1674 super
393 1612 588 1660 Christo
640 1612 842 1670 Pilatus,
890 1616 939 1660 et
990 1612 1093 1675 ipse
1141 1612 1242 1674 jam
1296 1630 1384 1675 pro
1438 1630 1524 1660 sua
1576 1614 1866 1663 conscientia

204 1694 528 1754 Christianus,
552 1694 747 1741 Caesari
770 1698 876 1741 tum
893 1693 1089 1741 Tiberio
1115 1694 1376 1742 nuntiavit.
1442 1695 1543 1744 Sed
1565 1699 1614 1742 et
1636 1696 1864 1744 Caesares

203 1776 523 1824 credidissent
579 1793 723 1839 super
777 1776 985 1836 Christo,
1042 1777 1083 1824 si
1134 1780 1219 1823 aut
1271 1776 1498 1824 Caesares
1552 1795 1650 1825 non
1706 1785 1864 1826 essent

203 1859 392 1907 saeculo
450 1859 720 1917 necessarii,
760 1864 846 1906 aut
901 1859 942 1906 si
996 1864 1046 1907 et
1104 1858 1376 1906 Christiani
1431 1859 1703 1921 potuissent
1765 1879 1863 1910 esse
1883 1881 1932 1908 20

258 1995 295 2034 5.
327 1985 542 2022 custodia
577 1994 750 2028 pavore
790 1983 997 2027 disjecta.
1052 1981 1269 2035 Disjicere
1292 1983 1326 2022 is
1358 1983 1430 2021 the
1467 1984 1636 2035 regular
1674 1983 1864 2035 military

201 2049 311 2084 term
329 2047 392 2083 for
409 2045 579 2095 routing
599 2043 682 2082 and
703 2043 937 2095 dispersing
956 2057 980 2083 a
999 2044 1132 2095 guard
1162 2044 1207 2083 of
1222 2045 1406 2096 soldiery
1424 2058 1433 2092 3
1462 2059 1591 2096 comp.
1616 2046 1721 2084 Hor.
1741 2044 1857 2097 Epp.

200 2108 246 2147 ii.
274 2118 308 2145 2.
331 2118 407 2156 30;
433 2106 526 2145 Liv.
550 2105 649 2144 xliv.
672 2116 737 2156 41.
798 2105 986 2156 Deficere
1012 2118 1152 2144 occurs
1176 2107 1221 2145 in
1242 2107 1314 2146 the
1334 2120 1446 2146 same
1466 2120 1583 2146 sense
1603 2108 1666 2147 ch.
1692 2116 1757 2158 27,
1777 2108 1862 2147 like

201 2168 415 2220 depellere,
436 2167 499 2206 ch.
518 2179 554 2219 9,
576 2179 637 2217 24,
656 2174 719 2218 37.

258 2244 295 2283 9.
326 2233 449 2269 Nam
479 2241 564 2268 1166
595 2232 677 2267 ille
708 2241 755 2267 se
782 2231 834 2266 in
862 2231 1032 2275 vulgus
1062 2232 1237 2269 eduxit.
1308 2230 1414 2268 Acts
1443 2243 1481 2268 x.
1512 2241 1580 2281 41,
1610 2232 1717 2268 ‘non
1748 2232 1860 2269 omni

200 2289 378 2343 populo,'
413 2294 484 2331 ete.
545 2288 817 2329 Tertullian’s
853 2294 937 2330 two
975 2305 1142 2330 reasons
1181 2305 1251 2331 are
1288 2293 1549 2343 interesting.
1610 2292 1698 2330 The
1731 2292 1861 2331 Risen

201 2357 295 2396 Life
315 2356 360 2395 of
375 2356 514 2395 Christ
533 2355 656 2395 could
676 2355 776 2407 only
795 2356 846 2394 be
866 2355 1160 2406 apprehended
1176 2357 1268 2409 bya
1282 2357 1447 2396 trained
1467 2356 1661 2407 spiritual
1677 2356 1860 2408 faculty3

202 2418 284 2457 and
317 2417 390 2456 the
424 2418 666 2468 experience
704 2417 749 2455 of
778 2416 1042 2456 unbelievers
1076 2418 1217 2456 would
1246 2418 1355 2456 have
1388 2418 1495 2456 been
1525 2417 1778 2467 inadequate
1815 2421 1860 2456 to

203 2479 401 2518 establish
420 2479 493 2518 the
516 2483 610 2517 true
629 2478 738 2517 saith
757 2479 802 2517 in
821 2478 894 2517 the
913 2479 1223 2519 Resurrection.
1284 2479 1360 2518 See
1380 2479 1602 2523 Westcott,
1617 2478 1715 2517 Rev.
1731 2479 1860 2517 Risen

202 2541 333 2588 Lord,
355 2540 507 2579 introd.
529 2540 661 2590 chap.,
683 2553 736 2578 on
755 2540 829 2579 the
849 2545 857 2560 ⁶
875 2540 1030 2579 Divine
1050 2538 1370 2592 impossibility'
1392 2540 1437 2579 of
1451 2539 1524 2578 the
1543 2540 1859 2579 manifestation

203 2601 248 2640 of
263 2602 405 2640 Christ
423 2605 468 2639 to
486 2601 560 2639 the
578 2601 710 2640 world
730 2600 836 2639 after
853 2601 935 2640 His
955 2601 1263 2640 Resurrection.

261 2662 324 2703 16.
356 2667 411 2702 de
446 2665 647 2702 Romulo
681 2664 885 2701 Proculi.
946 2663 1040 2702 Liv.
1075 2664 1102 2702 i.
1132 2662 1207 2711 16;
1237 2676 1368 2713 comp.
1401 2663 1571 2713 August
1598 2662 1646 2701 de
1677 2663 1753 2702 civ.
1774 2662 1859 2701 Dei

200 2739 262 2764 111.
289 2735 351 2775 15.

262 2794 321 2836 17.
356 2798 441 2832 pro
464 2798 547 2824 sua
566 2787 851 2824 conscientia
873 2788 1180 2825 Christianus.
1239 2785 1278 2824 S.
1305 2785 1433 2824 Matt.
1453 2785 1581 2823 xxvii.
1606 2796 1625 2822 2
1633 2796 1668 2834 3,
1694 2796 1757 2835 24.

261 2849 324 2887 18.
358 2850 452 2886 Sed
491 2851 537 2885 et
575 2850 793 2886 Caesares
825 2849 1147 2885 credidissent.
1203 2846 1291 2884 The
1319 2846 1427 2885 close
1451 2847 1681 2885 connexion
1706 2845 1752 2884 of
1771 2846 1857 2885 this

200 2910 368 2948 remark
387 2909 492 2947 with
510 2907 586 2947 the
606 2908 795 2946 mention
814 2908 859 2946 of
873 2906 1044 2947 Pilate's
1065 2908 1214 2948 official
1241 2909 1587 2946 communication
1606 2912 1649 2947 to
1668 2908 1857 2947 Tiberius

201 2971 436 3022 respecting
455 2971 612 3018 Christ,
632 2971 762 3009 taken
790 2971 835 3008 in
864 2971 1133 3021 conjunction
1151 2970 1257 3008 with
1274 2968 1476 3008 Tiberius'
1495 2971 1686 3021 proposal
1709 2969 1791 3022 (ch.
1812 2970 1855 3019 5)

200 3037 244 3071 to
264 3033 336 3072 the
363 3032 515 3071 Senate
544 3036 588 3070 to
617 3032 750 3070 admit
779 3031 922 3070 Christ
951 3036 1143 3083 amongst
1171 3032 1248 3070 the
1277 3032 1443 3070 Roman
1472 3032 1634 3080 deities,
1654 3032 1730 3070 has
1750 3031 1857 3069 been

182 3091 298 3132 'held
326 3097 371 3132 to
399 3094 531 3144 imply
550 3093 646 3132 that
675 3095 686 3114 ‘
703 3093 883 3145 worldly
902 3093 1230 3132 considerations
1260 3093 1380 3132 alone
1408 3093 1638 3144 prevented
1665 3092 1855 3131 Tiberius

199 3154 305 3194 from
332 3155 542 3207 believing
570 3155 616 3193 in
641 3153 810 3195 Christ)
871 3153 1026 3206 (Kaye,
1044 3168 1112 3206 pp.
1137 3166 1211 3205 103
1231 3153 1296 3207 ff.)
1354 3155 1592 3194 Tei-tullian
1610 3167 1721 3207 may,
1743 3153 1853 3192 how-
