2154 3564
281 146 348 195 60
748 147 1078 200 Tertulliani
1111 148 1482 215 Apologetz'cus
1676 156 1791 208 [CAP.
1810 159 1942 216 xvu.

278 287 594 348 aestimetur,
629 289 738 337 ideo
762 307 905 338 verus
929 295 978 338 et
1008 294 1174 338 tantus
1208 295 1294 339 est.
1367 291 1596 339 Ceterum
1632 293 1762 355 quod
1786 292 1945 340 videri

278 372 609 432 communiter,
637 373 766 435 quod
790 373 1140 436 comprehendi,
1160 374 1289 436 quod
1314 373 1561 421 aestimari
1586 379 1760 437 potest,
1782 374 1945 421 minus

279 458 352 501 est
381 458 429 501 et
459 453 609 504 oculis
646 455 822 517 quibus
859 459 1134 517 occupatur,
1161 459 1210 502 et
1246 455 1468 503 manibus
1498 456 1673 518 quibus
1711 456 1945 504 contami-

279 539 436 595 natur,
465 542 513 584 et
549 538 766 585 sensibus
791 537 968 599 quibus
1004 538 1266 585 invenitur.
1339 538 1482 599 Quod
1505 556 1619 587 vero
1654 539 1945 587 immensum

238 637 261 677 5
279 621 364 675 est,
403 618 491 665 soli
537 618 629 666 sibi
670 623 839 667 notum
885 625 970 668 est.
1052 620 1162 667 Hoc
1204 624 1277 667 est
1316 621 1444 682 quod
1491 621 1653 669 Deum
1698 619 1947 670 aestimari

277 699 404 759 facit,
444 701 560 747 dum
593 701 841 749 aestimari
877 719 974 749 non
1010 702 1154 764 capit.
1225 702 1306 749 Ita
1341 720 1449 750 eum
1482 703 1557 751 vis
1593 703 1946 766 magnitudinis

278 786 327 829 et
351 787 521 830 notum
544 783 819 831 hominibus
849 784 1017 847 objicit
1042 788 1091 831 et
1114 785 1353 847 ignotum.
1425 786 1493 833 Et
1516 785 1635 833 haec
1660 790 1734 833 est
1759 802 1947 834 summa

278 864 445 911 delicti
473 866 743 913 nolentium
778 882 1130 929 recognoscere,
1163 885 1306 930 quem
1340 867 1563 929 ignorare
1595 885 1692 915 non
1727 873 1946 931 possunt.

276 946 438 994 Vultis
469 964 528 995 ex
560 948 786 1010 operibus
818 948 969 1011 ipsius
1001 952 1078 997 tot
1112 967 1166 997 ac
1192 949 1388 1008 talibus,
1416 950 1590 1012 quibus
1628 949 1946 1007 continemur,

213 1052 263 1078 10
279 1029 455 1091 quibus
480 1030 786 1089 sustinemur,
813 1031 989 1093 quibus
1015 1032 1326 1090 oblectamur,
1353 1032 1502 1080 etiam
1527 1032 1705 1094 quibus
1731 1035 1946 1080 exterre-

277 1129 400 1170 mur,
421 1111 573 1159 vultis
598 1130 659 1160 ex
682 1113 871 1161 animae
895 1114 1049 1176 ipsius
1068 1113 1346 1162 testimonio
1371 1116 1734 1177 comprobemus
1755 1115 1772 1161 2-
1812 1114 1948 1175 Quae

277 1193 392 1240 licet
415 1211 603 1241 carcere
637 1195 851 1257 corporis
883 1212 1064 1258 pressa,
1090 1196 1204 1243 licet
1232 1196 1631 1244 institutionibus
1664 1195 1828 1259 pravis
1854 1195 1947 1243 cir-

279 1276 584 1338 cumscripta,
603 1275 720 1324 licet
744 1276 1030 1325 libidinibus
1055 1293 1111 1324 ac
1135 1277 1534 1340 concupiscentiis
1552 1278 1816 1341 evigorata,
1836 1276 1949 1324 licet

277 1357 410 1405 falsis
436 1357 530 1406 diis
557 1359 861 1417 exancillata,
888 1377 999 1407 cum
1022 1363 1188 1406 tamen
1211 1359 1470 1423 resipiscit,
1497 1365 1554 1408 ut
1580 1379 1639 1408 ex
1663 1360 1871 1424 crapula,
1891 1363 1949 1406 ut

212 1459 258 1499 15
277 1455 337 1486 ex
360 1456 538 1499 somno,
566 1444 623 1487 ut
649 1458 709 1488 ex
734 1441 897 1503 aliqua
921 1441 1214 1500 valetudine,
1242 1446 1291 1489 et
1317 1442 1575 1490 sanitatem
1590 1460 1725 1490 suam
1744 1442 1948 1505 patitur,

278 1551 395 1602 place
416 1550 507 1600 of'3
538 1565 569 1591 e.
585 1566 623 1604 9.
655 1552 697 1592 S.
718 1553 845 1605 Greg.
877 1553 995 1604 Mag.
1017 1553 1129 1605 Epp.
1152 1553 1179 1592 i.
1207 1565 1240 1592 1.
1299 1553 1388 1593 The
1418 1554 1628 1606 adjective
1658 1559 1948 1605 repraesenta-

277 1627 377 1653 neus
397 1627 537 1654 occurs
558 1628 603 1654 as
623 1629 648 1654 a
667 1629 758 1654 var.
783 1616 875 1655 lect.
897 1616 943 1654 in
963 1616 1025 1655 ch.
1052 1617 1117 1666 28,
1138 1629 1205 1655 see
1225 1619 1336 1655 note.

333 1687 369 1725 4.
400 1677 693 1726 immensum,
709 1679 719 1698 ‘
733 1676 1085 1726 immeasurable,'
1103 1680 1114 1698 ‘
1128 1677 1320 1716 infinite.'
1356 1678 1498 1729 Comp.
1515 1678 1656 1718 Cicero
1670 1678 1718 1718 de
1729 1681 1816 1718 nat.
1831 1678 1946 1718 deor.

278 1737 306 1777 i.
331 1748 392 1775 10.
418 1737 480 1786 26,
504 1741 514 1759 ‘
531 1739 634 1778 Post
653 1739 939 1778 Anaximenes
968 1743 1066 1778 aera
1094 1740 1219 1778 deum
1248 1741 1413 1789 statuit,
1435 1753 1613 1791 eumque
1635 1741 1752 1792 gigni
1779 1753 1952 1792 esseque

280 1801 532 1839 immensum
547 1805 589 1840 et
605 1801 821 1840 infinitum
838 1805 880 1841 et
895 1815 1058 1853 semper
1077 1803 1123 1841 in
1137 1801 1283 1841 motu?
1320 1803 1409 1841 The
1427 1802 1558 1841 Latin
1573 1804 1800 1842 translator
1820 1803 1866 1842 of
1876 1803 1952 1842 the

282 1862 498 1913 Shepherd
517 1861 589 1915 (M
589 1863 688 1903 and.
704 1864 930 1914 1)renders
945 1864 1063 1912 μόνος
1083 1862 1125 1902 δὲ
1146 1863 1354 1915 ἀχώρητος
1369 1863 1423 1902 ὤν
1441 1864 1498 1917 by
1512 1865 1628 1904 solus
1641 1866 1860 1905 immensus
1879 1868 1952 1905 est.

283 1924 336 1963 So
348 1925 422 1963 the
438 1924 691 1976 Quicunque,
709 1928 719 1946 ‘
731 1926 967 1964 Immensus
977 1926 1116 1971 Pater,
1130 1926 1356 1965 immensus
1370 1925 1532 1975 Filius,’
1543 1930 1616 1967 eto.
1647 1927 1758 1966 Iren.
1771 1928 1827 1966 iv.
1841 1938 1903 1966 20.
1917 1939 1955 1967 2.

337 1986 375 2025 6.
405 1989 517 2024 dum
538 1990 776 2027 aestimari
797 2001 894 2026 non
908 1992 1057 2034 capit:
1091 1992 1102 2009 ‘
1117 1989 1321 2040 although
1333 1989 1403 2027 He
1419 1989 1516 2028 does
1532 1993 1608 2028 not
1627 1989 1761 2028 admit
1775 1988 1822 2028 of
1828 1989 1954 2041 being

282 2046 531 2087 estimated'
545 2062 555 2096 3
597 2063 727 2101 comp.
761 2050 812 2088 de
842 2050 945 2088 cult.
968 2051 1078 2101 fem.
1107 2050 1135 2091 i.
1169 2062 1203 2098 2,
1242 2050 1392 2089 ‘Haec
1421 2064 1506 2089 non
1536 2051 1650 2102 capit
1680 2049 1927 2090 aestimare’
1944 2064 1954 2098 ;

281 2112 376 2150 adv.
400 2111 537 2150 Mare.
560 2112 587 2150 i.
609 2111 646 2158 6,
667 2118 676 2133 ⁶
693 2113 727 2151 si
747 2113 975 2164 depretiari
1006 2113 1119 2164 capit
1148 2113 1194 2151 in
1223 2111 1443 2152 Creatore'
1455 2126 1467 2162 3
1496 2114 1582 2153 and
1610 2114 1682 2153 the
1711 2127 1785 2152 use
1814 2114 1859 2153 of
1884 2128 1951 2153 ea-

275 2188 379 2226 pere
408 2175 501 2214 adv.
531 2175 679 2214 Herm.
712 2187 758 2214 11
775 2189 785 2225 ;
816 2176 913 2216 adv.
941 2177 1079 2216 Prax.
1104 2184 1155 2227 73
1185 2176 1280 2216 adv.
1311 2177 1452 2215 Mare.
1489 2177 1545 2215 iv.
1572 2175 1633 2217 16.
1693 2177 1760 2216 On
1787 2177 1860 2216 the
1889 2177 1951 2215 in-

283 2237 529 2276 effableness
559 2237 604 2276 of
628 2238 722 2277 God
750 2252 817 2277 see
845 2240 1027 2290 August.
1060 2239 1111 2277 de
1142 2238 1261 2279 Trin.
1291 2252 1331 2278 v.
1356 2249 1431 2288 103
1460 2239 1532 2278 vii.
1558 2247 1596 2290 7,
1629 2239 1810 2278 ‘Verius
1840 2239 1953 2279 enim

281 2299 489 2350 cogitatur
507 2299 621 2338 Deus
640 2313 768 2351 quam
789 2300 956 2349 dicitur,
977 2304 1020 2339 et
1042 2300 1182 2339 verius
1204 2303 1268 2338 est
1287 2313 1414 2351 quam
1433 2298 1668 2352 cogitatur?

342 2367 376 2410 7.
406 2363 469 2399 Et
488 2363 602 2399 haec
622 2366 694 2400 est
714 2374 894 2401 summa
914 2363 1089 2402 delicti.
1148 2361 1290 2412 Gomp.
1311 2360 1432 2401 Rom.
1454 2362 1480 2401 i.
1505 2374 1569 2410 20,
1594 2372 1639 2400 21
1660 2374 1671 2410 3
1702 2361 1742 2401 S.
1758 2362 1884 2414 Cypr.
1902 2363 1954 2401 de

282 2422 388 2462 idol.
408 2436 501 2461 van.
523 2435 560 2474 9.

337 2497 374 2537 9.
405 2487 563 2524 Vultis
593 2498 651 2524 ex
680 2489 912 2532 operibus.
971 2486 1060 2525 The
1089 2486 1318 2538 testimony
1339 2485 1384 2524 of
1408 2486 1577 2525 Nature
1608 2490 1653 2525 to
1672 2486 1790 2527 God:
1822 2500 1954 2539 comp.

283 2547 333 2585 de
354 2549 442 2585 test.
466 2560 532 2585 cm.
555 2545 592 2587 6.
651 2548 739 2586 The
759 2548 930 2588 witness
952 2548 997 2587 of
1011 2548 1085 2587 the
1105 2547 1206 2587 Soul
1230 2547 1266 2586 is
1285 2552 1389 2586 next
1408 2548 1594 2587 referred
1615 2552 1671 2594 to,
1693 2548 1778 2587 and
1797 2548 1893 2588 that
1913 2547 1958 2588 of

283 2608 536 2647 Revelation
556 2609 601 2647 in
620 2609 682 2649 ch.
714 2610 774 2648 18.

393 2673 565 2715 quibus
585 2674 893 2710 continemur.
951 2671 1030 2710 See
1050 2675 1164 2721 note,
1187 2673 1251 2712 ch.
1278 2683 1340 2711 11.

342 2741 403 2768 11.
435 2744 493 2770 ex
511 2734 691 2772 animae
712 2736 862 2779 ipsius
891 2736 1178 2774 testimonio.
1235 2734 1326 2773 The
1346 2732 1481 2772 whole
1504 2734 1679 2773 treatise
1700 2735 1711 2755 ‘
1728 2733 1794 2773 De
1822 2733 1955 2773 Testi-

285 2793 424 2830 monio
443 2793 626 2833 Animae
641 2793 650 2809 ’
673 2795 708 2833 is
728 2808 783 2834 an
803 2796 1034 2846 expansion
1055 2795 1099 2834 of
1121 2796 1195 2835 the
1214 2798 1439 2847 argument
1451 2794 1564 2834 here.
1622 2795 1667 2834 It
1686 2808 1771 2834 was
1785 2795 1954 2835 written

285 2866 386 2892 soon
406 2853 514 2892 after
533 2855 606 2894 the
625 2856 835 2907 Apology,
856 2857 940 2895 and
969 2857 1159 2895 contains
1189 2870 1212 2896 a
1242 2857 1453 2896 reference
1484 2857 1566 2907 (ch.
1590 2855 1635 2908 5)
1663 2861 1707 2896 to
1733 2857 1806 2896 the
1832 2869 1953 2908 argu—

285 2919 403 2953 ment
422 2915 486 2953 for
503 2916 576 2954 the
596 2918 811 2969 antiquity
831 2919 877 2957 of
890 2918 964 2957 the
985 2919 1218 2970 Scriptures
1238 2919 1283 2957 in
1303 2918 1365 2959 ch.
1393 2930 1456 2969 19,
1477 2919 1623 2958 below.

345 2986 406 3025 13.
436 2978 690 3024 evigorata,
706 2979 955 3018 ‘enervated
969 2977 979 2992 ²
990 2992 1001 3029 3
1031 2993 1164 3031 comp.
1182 2979 1230 3018 de
1245 2979 1355 3031 pall.
1370 2993 1409 3030 4,
1423 2984 1431 2999 ‘
1447 2979 1633 3018 mollitas
1654 2983 1695 3018 et
1716 2979 1955 3031 evigoratas

287 3042 328 3077 et
348 3037 622 3078 exeduratas.’

346 3112 405 3151 14.
436 3103 730 3150 exancillata,
753 3104 763 3122 ‘
778 3103 976 3142 enslaved
996 3107 1041 3142 to
1055 3102 1065 3118 '
1082 3116 1092 3152 ;
1123 3117 1147 3143 a
1167 3101 1268 3153 ἅπαξ
1288 3108 1380 3154 λεγ.

395 3164 644 3212 resipiscit,
670 3167 680 3184 ‘
693 3163 815 3203 when
835 3165 871 3203 it
891 3178 1026 3204 comes
1046 3169 1091 3204 to
1110 3164 1254 3215 itself,'
1275 3168 1285 3187 ‘
1298 3178 1488 3204 recovers
1507 3165 1563 3204 its
1584 3163 1750 3204 semes-³
