<?xml version="1.0" encoding="UTF-8"?>
<!DOCTYPE html PUBLIC "-//W3C//DTD XHTML 1.0 Transitional//EN"
    "http://www.w3.org/TR/xhtml1/DTD/xhtml1-transitional.dtd">
<html xmlns="http://www.w3.org/1999/xhtml" xml:lang="en" lang="en">
 <head>
  <title>
</title>
<meta http-equiv="Content-Type" content="text/html;charset=utf-8" />
  <meta name='ocr-system' content='tesseract 3.04.00' />
  <meta name='ocr-capabilities' content='ocr_page ocr_carea ocr_par ocr_line ocrx_word'/>
</head>
<body>
  <div class='ocr_page' id='page_1' title='image "apologeticusadve00tert_0084.png"; bbox 0 0 2154 3564; ppageno 0'>
   <div class='ocr_carea' id='block_1_1' title="bbox 288 180 1960 247">
    <p class='ocr_par' dir='ltr' id='par_1_1' title="bbox 288 180 1960 247">
     <span class='ocr_line' id='line_1_1' title="bbox 288 180 1960 247; baseline 0 -15"><span class='ocrx_word' id='word_1_1' title='bbox 288 183 360 245; x_wconf 89' lang='lat'><strong>46</strong></span> <span class='ocrx_word' id='word_1_2' title='bbox 756 181 1084 233; x_wconf 67' lang='lat' dir='ltr'><em>Tertulliani</em></span> <span class='ocrx_word' id='word_1_3' title='bbox 1116 180 1167 230; x_wconf 84' lang='grc' dir='ltr'><em>Α</em></span> <span class='ocrx_word' id='word_1_4' title='bbox 1162 180 1488 247; x_wconf 74' lang='lat' dir='ltr'><strong>pologeticus</strong></span> <span class='ocrx_word' id='word_1_5' title='bbox 1726 188 1841 240; x_wconf 72' lang='lat' dir='ltr'>[CAP.</span> <span class='ocrx_word' id='word_1_6' title='bbox 1864 193 1960 232; x_wconf 88' lang='grc' dir='ltr'>ΧΙΙ.</span> 
     </span>
    </p>
   </div>
   <div class='ocr_carea' id='block_1_2' title="bbox 223 322 1962 1463">
    <p class='ocr_par' dir='ltr' id='par_1_2' title="bbox 223 322 1962 1463">
     <span class='ocr_line' id='line_1_2' title="bbox 289 322 1959 386; baseline -0.001 -13"><span class='ocrx_word' id='word_1_7' title='bbox 289 326 448 374; x_wconf 88' lang='lat' dir='ltr'><strong>lorum</strong></span> <span class='ocrx_word' id='word_1_8' title='bbox 470 326 1002 386; x_wconf 75' lang='lat' dir='ltr'><strong>instrumentorumque</strong></span> <span class='ocrx_word' id='word_1_9' title='bbox 1022 323 1363 381; x_wconf 87' lang='lat' dir='ltr'><strong>communium,</strong></span> <span class='ocrx_word' id='word_1_10' title='bbox 1383 323 1461 371; x_wconf 92' lang='lat' dir='ltr'><strong>vel</strong></span> <span class='ocrx_word' id='word_1_11' title='bbox 1481 341 1540 371; x_wconf 84' lang='lat' dir='ltr'><strong>ex</strong></span> <span class='ocrx_word' id='word_1_12' title='bbox 1557 322 1730 371; x_wconf 89' lang='lat' dir='ltr'><strong>iisdem</strong></span> <span class='ocrx_word' id='word_1_13' title='bbox 1748 324 1959 372; x_wconf 82' lang='lat' dir='ltr'><strong>vasculis</strong></span> 
     </span>
     <span class='ocr_line' id='line_1_3' title="bbox 289 405 1961 472; baseline -0.002 -15"><span class='ocrx_word' id='word_1_14' title='bbox 289 413 339 457; x_wconf 90' lang='lat' dir='ltr'><strong>et</strong></span> <span class='ocrx_word' id='word_1_15' title='bbox 363 409 702 458; x_wconf 73' lang='lat' dir='ltr'><strong>instrumentis</strong></span> <span class='ocrx_word' id='word_1_16' title='bbox 728 407 868 472; x_wconf 87' lang='lat' dir='ltr'><strong>quasi</strong></span> <span class='ocrx_word' id='word_1_17' title='bbox 903 408 1057 455; x_wconf 86' lang='lat' dir='ltr'><strong>fatum</strong></span> <span class='ocrx_word' id='word_1_18' title='bbox 1095 405 1451 454; x_wconf 87' lang='lat' dir='ltr'><strong>consecratione</strong></span> <span class='ocrx_word' id='word_1_19' title='bbox 1475 410 1737 465; x_wconf 82' lang='lat' dir='ltr'><strong>mutantes,</strong></span> <span class='ocrx_word' id='word_1_20' title='bbox 1764 406 1961 455; x_wconf 86' lang='lat' dir='ltr'><strong>licentia</strong></span> 
     </span>
     <span class='ocr_line' id='line_1_4' title="bbox 287 488 1961 557; baseline -0.002 -17"><span class='ocrx_word' id='word_1_21' title='bbox 287 492 408 540; x_wconf 88' lang='lat' dir='ltr'><strong>artis</strong></span> <span class='ocrx_word' id='word_1_22' title='bbox 432 494 824 557; x_wconf 85' lang='lat' dir='ltr'><strong>transfigurante,</strong></span> <span class='ocrx_word' id='word_1_23' title='bbox 851 495 900 538; x_wconf 91' lang='lat' dir='ltr'><strong>et</strong></span> <span class='ocrx_word' id='word_1_24' title='bbox 933 490 1128 553; x_wconf 88' lang='lat' dir='ltr'><strong>quidem</strong></span> <span class='ocrx_word' id='word_1_25' title='bbox 1166 488 1645 536; x_wconf 87' lang='lat' dir='ltr'><strong>contumeliosissime</strong></span> <span class='ocrx_word' id='word_1_26' title='bbox 1681 492 1728 537; x_wconf 90' lang='lat' dir='ltr'><strong>et</strong></span> <span class='ocrx_word' id='word_1_27' title='bbox 1764 489 1817 536; x_wconf 89' lang='lat' dir='ltr'><strong>in</strong></span> <span class='ocrx_word' id='word_1_28' title='bbox 1851 489 1961 552; x_wconf 90' lang='lat' dir='ltr'><strong>ipso</strong></span> 
     </span>
     <span class='ocr_line' id='line_1_5' title="bbox 288 570 1960 637; baseline -0.002 -15"><span class='ocrx_word' id='word_1_29' title='bbox 288 591 433 637; x_wconf 90' lang='lat' dir='ltr'><strong>opere</strong></span> <span class='ocrx_word' id='word_1_30' title='bbox 470 576 717 637; x_wconf 87' lang='lat' dir='ltr'><strong>sacrilege,</strong></span> <span class='ocrx_word' id='word_1_31' title='bbox 753 578 809 621; x_wconf 90' lang='lat' dir='ltr'><strong>ut</strong></span> <span class='ocrx_word' id='word_1_32' title='bbox 845 589 1016 620; x_wconf 91' lang='lat' dir='ltr'><strong>revera</strong></span> <span class='ocrx_word' id='word_1_33' title='bbox 1051 570 1190 618; x_wconf 91' lang='lat' dir='ltr'><strong>nobis</strong></span> <span class='ocrx_word' id='word_1_34' title='bbox 1225 570 1451 630; x_wconf 85' lang='lat' dir='ltr'><strong>maxime,</strong></span> <span class='ocrx_word' id='word_1_35' title='bbox 1489 570 1574 632; x_wconf 83' lang='lat' dir='ltr'><strong>qui</strong></span> <span class='ocrx_word' id='word_1_36' title='bbox 1609 576 1811 634; x_wconf 92' lang='lat' dir='ltr'><strong>propter</strong></span> <span class='ocrx_word' id='word_1_37' title='bbox 1846 573 1960 619; x_wconf 88' lang='lat' dir='ltr'><strong>deos</strong></span> 
     </span>
     <span class='ocr_line' id='line_1_6' title="bbox 246 652 1962 720; baseline -0.002 -17"><span class='ocrx_word' id='word_1_38' title='bbox 246 657 416 720; x_wconf 87' lang='lat' dir='ltr'><strong>5ipsos</strong></span> <span class='ocrx_word' id='word_1_39' title='bbox 450 658 722 720; x_wconf 86' lang='lat' dir='ltr'><strong>plectimur,</strong></span> <span class='ocrx_word' id='word_1_40' title='bbox 750 656 975 705; x_wconf 86' lang='lat' dir='ltr'><strong>solatium</strong></span> <span class='ocrx_word' id='word_1_41' title='bbox 1011 670 1279 717; x_wconf 89' lang='lat' dir='ltr'><strong>poenarum</strong></span> <span class='ocrx_word' id='word_1_42' title='bbox 1308 670 1408 701; x_wconf 89' lang='lat' dir='ltr'><strong>esse</strong></span> <span class='ocrx_word' id='word_1_43' title='bbox 1443 653 1610 715; x_wconf 85' lang='lat' dir='ltr'><strong>possit,</strong></span> <span class='ocrx_word' id='word_1_44' title='bbox 1636 653 1764 717; x_wconf 89' lang='lat' dir='ltr'><strong>quod</strong></span> <span class='ocrx_word' id='word_1_45' title='bbox 1796 652 1962 701; x_wconf 88' lang='lat' dir='ltr'><strong>eadem</strong></span> 
     </span>
     <span class='ocr_line' id='line_1_7' title="bbox 288 735 1960 802; baseline -0.002 -16"><span class='ocrx_word' id='word_1_46' title='bbox 288 744 337 786; x_wconf 90' lang='lat' dir='ltr'><strong>et</strong></span> <span class='ocrx_word' id='word_1_47' title='bbox 360 739 457 802; x_wconf 89' lang='lat' dir='ltr'><strong>ipsi</strong></span> <span class='ocrx_word' id='word_1_48' title='bbox 480 740 756 802; x_wconf 89' lang='lat' dir='ltr'><strong>patiuntur,</strong></span> <span class='ocrx_word' id='word_1_49' title='bbox 784 743 842 786; x_wconf 89' lang='lat' dir='ltr'><strong>ut</strong></span> <span class='ocrx_word' id='word_1_50' title='bbox 866 738 997 785; x_wconf 88' lang='lat' dir='ltr'><strong>fiant.</strong></span> <span class='ocrx_word' id='word_1_51' title='bbox 1069 736 1311 784; x_wconf 81' lang='lat' dir='ltr'><strong>Crucibus</strong></span> <span class='ocrx_word' id='word_1_52' title='bbox 1337 740 1386 784; x_wconf 92' lang='lat' dir='ltr'><strong>et</strong></span> <span class='ocrx_word' id='word_1_53' title='bbox 1420 735 1671 799; x_wconf 87' lang='lat' dir='ltr'><strong>stipitibus</strong></span> <span class='ocrx_word' id='word_1_54' title='bbox 1707 735 1960 799; x_wconf 86' lang='lat' dir='ltr'><strong>imponitis</strong></span> 
     </span>
     <span class='ocr_line' id='line_1_8' title="bbox 289 818 1962 885; baseline -0.001 -17"><span class='ocrx_word' id='word_1_55' title='bbox 289 820 624 870; x_wconf 81' lang='lat' dir='ltr'><strong>Christianos:</strong></span> <span class='ocrx_word' id='word_1_56' title='bbox 680 822 811 885; x_wconf 89' lang='lat' dir='ltr'><strong>quod</strong></span> <span class='ocrx_word' id='word_1_57' title='bbox 846 820 1159 868; x_wconf 82' lang='lat' dir='ltr'><strong>simulacrum</strong></span> <span class='ocrx_word' id='word_1_58' title='bbox 1195 836 1292 866; x_wconf 92' lang='lat' dir='ltr'><strong>non</strong></span> <span class='ocrx_word' id='word_1_59' title='bbox 1332 818 1471 881; x_wconf 86' lang='lat' dir='ltr'><strong>prius</strong></span> <span class='ocrx_word' id='word_1_60' title='bbox 1509 818 1685 881; x_wconf 85' lang='lat' dir='ltr'><strong>argilla</strong></span> <span class='ocrx_word' id='word_1_61' title='bbox 1721 819 1962 866; x_wconf 83' lang='lat' dir='ltr'><strong>deformat</strong></span> 
     </span>
     <span class='ocr_line' id='line_1_9' title="bbox 288 900 1961 967; baseline -0.002 -17"><span class='ocrx_word' id='word_1_62' title='bbox 288 904 420 951; x_wconf 88' lang='lat' dir='ltr'><strong>cruci</strong></span> <span class='ocrx_word' id='word_1_63' title='bbox 457 908 505 951; x_wconf 91' lang='lat' dir='ltr'><strong>et</strong></span> <span class='ocrx_word' id='word_1_64' title='bbox 541 904 701 967; x_wconf 84' lang='lat' dir='ltr'><strong>stipiti</strong></span> <span class='ocrx_word' id='word_1_65' title='bbox 736 903 1104 967; x_wconf 66' lang='lat' dir='ltr'><strong>superstructa?</strong></span> <span class='ocrx_word' id='word_1_66' title='bbox 1175 900 1239 949; x_wconf 86' lang='lat' dir='ltr'><strong>In</strong></span> <span class='ocrx_word' id='word_1_67' title='bbox 1275 901 1497 963; x_wconf 88' lang='lat' dir='ltr'><strong>patibulo</strong></span> <span class='ocrx_word' id='word_1_68' title='bbox 1533 900 1750 964; x_wconf 88' lang='lat' dir='ltr'><strong>primum</strong></span> <span class='ocrx_word' id='word_1_69' title='bbox 1785 918 1961 964; x_wconf 86' lang='lat' dir='ltr'><strong>corpus</strong></span> 
     </span>
     <span class='ocr_line' id='line_1_10' title="bbox 288 983 1959 1048; baseline -0.002 -15"><span class='ocrx_word' id='word_1_70' title='bbox 288 985 366 1033; x_wconf 89' lang='lat' dir='ltr'><strong>dei</strong></span> <span class='ocrx_word' id='word_1_71' title='bbox 384 987 537 1034; x_wconf 90' lang='lat' dir='ltr'><strong>vestri</strong></span> <span class='ocrx_word' id='word_1_72' title='bbox 555 987 821 1035; x_wconf 86' lang='lat' dir='ltr'><strong>dedicatur.</strong></span> <span class='ocrx_word' id='word_1_73' title='bbox 873 985 1089 1048; x_wconf 80' lang='lat' dir='ltr'><strong>Ungulis</strong></span> <span class='ocrx_word' id='word_1_74' title='bbox 1108 983 1345 1032; x_wconf 85' lang='lat' dir='ltr'><strong>deraditis</strong></span> <span class='ocrx_word' id='word_1_75' title='bbox 1366 985 1519 1031; x_wconf 86' lang='lat' dir='ltr'><strong>latera</strong></span> <span class='ocrx_word' id='word_1_76' title='bbox 1539 983 1959 1042; x_wconf 82' lang='lat' dir='ltr'><strong>Christianorum3</strong></span> 
     </span>
     <span class='ocr_line' id='line_1_11' title="bbox 223 1065 1962 1131; baseline -0.001 -16"><span class='ocrx_word' id='word_1_77' title='bbox 223 1080 272 1108; x_wconf 89' lang='lat'><strong>10</strong></span> <span class='ocrx_word' id='word_1_78' title='bbox 288 1071 340 1115; x_wconf 85' lang='lat' dir='ltr'><strong>at</strong></span> <span class='ocrx_word' id='word_1_79' title='bbox 374 1067 428 1115; x_wconf 88' lang='lat' dir='ltr'><strong>in</strong></span> <span class='ocrx_word' id='word_1_80' title='bbox 463 1069 575 1116; x_wconf 90' lang='lat' dir='ltr'><strong>deos</strong></span> <span class='ocrx_word' id='word_1_81' title='bbox 609 1073 797 1117; x_wconf 90' lang='lat' dir='ltr'><strong>vestros</strong></span> <span class='ocrx_word' id='word_1_82' title='bbox 837 1085 924 1131; x_wconf 91' lang='lat' dir='ltr'><strong>per</strong></span> <span class='ocrx_word' id='word_1_83' title='bbox 962 1066 1124 1115; x_wconf 89' lang='lat' dir='ltr'><strong>omnia</strong></span> <span class='ocrx_word' id='word_1_84' title='bbox 1164 1067 1380 1114; x_wconf 90' lang='lat' dir='ltr'><strong>membra</strong></span> <span class='ocrx_word' id='word_1_85' title='bbox 1416 1065 1628 1115; x_wconf 88' lang='lat' dir='ltr'><strong>validius</strong></span> <span class='ocrx_word' id='word_1_86' title='bbox 1669 1065 1962 1114; x_wconf 89' lang='lat' dir='ltr'><strong>incumbunt</strong></span> 
     </span>
     <span class='ocr_line' id='line_1_12' title="bbox 287 1149 1960 1213; baseline -0.001 -15"><span class='ocrx_word' id='word_1_87' title='bbox 287 1151 456 1210; x_wconf 85' lang='lat' dir='ltr'><strong>asciae,</strong></span> <span class='ocrx_word' id='word_1_88' title='bbox 501 1156 551 1199; x_wconf 90' lang='lat' dir='ltr'><strong>et</strong></span> <span class='ocrx_word' id='word_1_89' title='bbox 597 1152 840 1210; x_wconf 88' lang='lat' dir='ltr'><strong>runcinae,</strong></span> <span class='ocrx_word' id='word_1_90' title='bbox 884 1154 932 1198; x_wconf 89' lang='lat' dir='ltr'><strong>et</strong></span> <span class='ocrx_word' id='word_1_91' title='bbox 973 1150 1210 1198; x_wconf 85' lang='lat' dir='ltr'><strong>scobinae.</strong></span> <span class='ocrx_word' id='word_1_92' title='bbox 1281 1149 1505 1199; x_wconf 82' lang='lat' dir='ltr'><strong>Cervices</strong></span> <span class='ocrx_word' id='word_1_93' title='bbox 1547 1149 1799 1213; x_wconf 89' lang='lat' dir='ltr'><strong>ponimus:</strong></span> <span class='ocrx_word' id='word_1_94' title='bbox 1844 1153 1960 1197; x_wconf 89' lang='lat' dir='ltr'><strong>ante</strong></span> 
     </span>
     <span class='ocr_line' id='line_1_13' title="bbox 286 1232 1961 1296; baseline -0.001 -16"><span class='ocrx_word' id='word_1_95' title='bbox 286 1233 540 1296; x_wconf 87' lang='lat' dir='ltr'><strong>plumbum</strong></span> <span class='ocrx_word' id='word_1_96' title='bbox 566 1239 615 1282; x_wconf 94' lang='lat' dir='ltr'><strong>et</strong></span> <span class='ocrx_word' id='word_1_97' title='bbox 639 1234 883 1296; x_wconf 89' lang='lat' dir='ltr'><strong>glutinum</strong></span> <span class='ocrx_word' id='word_1_98' title='bbox 906 1237 956 1281; x_wconf 89' lang='lat' dir='ltr'><strong>et</strong></span> <span class='ocrx_word' id='word_1_99' title='bbox 982 1232 1214 1296; x_wconf 81' lang='lat' dir='ltr'><strong>gomphos</strong></span> <span class='ocrx_word' id='word_1_100' title='bbox 1241 1232 1342 1280; x_wconf 88' lang='lat' dir='ltr'><strong>sine</strong></span> <span class='ocrx_word' id='word_1_101' title='bbox 1368 1232 1526 1296; x_wconf 89' lang='lat' dir='ltr'><strong>capite</strong></span> <span class='ocrx_word' id='word_1_102' title='bbox 1561 1237 1675 1280; x_wconf 85' lang='lat' dir='ltr'><strong>sunt</strong></span> <span class='ocrx_word' id='word_1_103' title='bbox 1701 1232 1769 1279; x_wconf 92' lang='lat' dir='ltr'><strong>dii</strong></span> <span class='ocrx_word' id='word_1_104' title='bbox 1794 1232 1961 1280; x_wconf 88' lang='lat' dir='ltr'><strong>vestri.</strong></span> 
     </span>
     <span class='ocr_line' id='line_1_14' title="bbox 277 1314 1960 1380; baseline -0.001 -16"><span class='ocrx_word' id='word_1_105' title='bbox 277 1316 370 1364; x_wconf 65' lang='lat' dir='ltr'><strong>“Ad</strong></span> <span class='ocrx_word' id='word_1_106' title='bbox 415 1317 593 1364; x_wconf 84' lang='lat' dir='ltr'><strong>bestias</strong></span> <span class='ocrx_word' id='word_1_107' title='bbox 639 1316 952 1380; x_wconf 87' lang='lat' dir='ltr'><strong>impellimur,</strong></span> <span class='ocrx_word' id='word_1_108' title='bbox 1001 1322 1129 1363; x_wconf 88' lang='lat' dir='ltr'><strong>certe</strong></span> <span class='ocrx_word' id='word_1_109' title='bbox 1178 1332 1297 1379; x_wconf 89' lang='lat' dir='ltr'><strong>quas</strong></span> <span class='ocrx_word' id='word_1_110' title='bbox 1339 1314 1535 1373; x_wconf 88' lang='lat' dir='ltr'><strong>Libero,</strong></span> <span class='ocrx_word' id='word_1_111' title='bbox 1580 1319 1629 1362; x_wconf 89' lang='lat' dir='ltr'><strong>et</strong></span> <span class='ocrx_word' id='word_1_112' title='bbox 1672 1315 1866 1377; x_wconf 86' lang='lat' dir='ltr'><strong>Cybele,</strong></span> <span class='ocrx_word' id='word_1_113' title='bbox 1912 1321 1960 1362; x_wconf 90' lang='lat' dir='ltr'><strong>et</strong></span> 
     </span>
     <span class='ocr_line' id='line_1_15' title="bbox 290 1398 1958 1463; baseline -0.001 -17"><span class='ocrx_word' id='word_1_114' title='bbox 290 1399 503 1448; x_wconf 86' lang='lat' dir='ltr'><strong>Caelesti</strong></span> <span class='ocrx_word' id='word_1_115' title='bbox 542 1399 812 1463; x_wconf 88' lang='lat' dir='ltr'><strong>applicatis.</strong></span> <span class='ocrx_word' id='word_1_116' title='bbox 883 1399 1089 1462; x_wconf 88' lang='lat' dir='ltr'><strong>Ignibus</strong></span> <span class='ocrx_word' id='word_1_117' title='bbox 1130 1398 1350 1447; x_wconf 87' lang='lat' dir='ltr'><strong>urimur:</strong></span> <span class='ocrx_word' id='word_1_118' title='bbox 1400 1399 1489 1446; x_wconf 90' lang='lat' dir='ltr'><strong>hoc</strong></span> <span class='ocrx_word' id='word_1_119' title='bbox 1527 1403 1577 1447; x_wconf 89' lang='lat' dir='ltr'><strong>et</strong></span> <span class='ocrx_word' id='word_1_120' title='bbox 1620 1400 1696 1448; x_wconf 89' lang='lat' dir='ltr'><strong>illi</strong></span> <span class='ocrx_word' id='word_1_121' title='bbox 1735 1417 1763 1447; x_wconf 92' lang='lat' dir='ltr'><strong>a</strong></span> <span class='ocrx_word' id='word_1_122' title='bbox 1799 1399 1958 1463; x_wconf 88' lang='lat' dir='ltr'><strong>prima</strong></span> 
     </span>
    </p>
   </div>
   <div class='ocr_carea' id='block_1_3' title="bbox 286 1593 1957 3251">
    <p class='ocr_par' dir='ltr' id='par_1_3' title="bbox 347 1593 1537 1644">
     <span class='ocr_line' id='line_1_16' title="bbox 347 1593 1537 1644; baseline 0 -9"><span class='ocrx_word' id='word_1_123' title='bbox 347 1594 384 1635; x_wconf 87' lang='lat'><strong>6.</strong></span> <span class='ocrx_word' id='word_1_124' title='bbox 414 1599 470 1633; x_wconf 86' lang='lat' dir='ltr'><strong>ut</strong></span> <span class='ocrx_word' id='word_1_125' title='bbox 489 1597 628 1633; x_wconf 85' lang='lat' dir='ltr'><strong>fiant:</strong></span> <span class='ocrx_word' id='word_1_126' title='bbox 661 1594 727 1632; x_wconf 84' lang='lat' dir='ltr'><strong>‘in</strong></span> <span class='ocrx_word' id='word_1_127' title='bbox 750 1593 824 1632; x_wconf 89' lang='lat' dir='ltr'><strong>the</strong></span> <span class='ocrx_word' id='word_1_128' title='bbox 844 1606 1006 1644; x_wconf 87' lang='lat' dir='ltr'><strong>process</strong></span> <span class='ocrx_word' id='word_1_129' title='bbox 1027 1593 1072 1633; x_wconf 89' lang='lat' dir='ltr'><strong>of</strong></span> <span class='ocrx_word' id='word_1_130' title='bbox 1085 1593 1198 1633; x_wconf 89' lang='lat' dir='ltr'><strong>their</strong></span> <span class='ocrx_word' id='word_1_131' title='bbox 1216 1593 1537 1635; x_wconf 63' lang='lat' dir='ltr'><strong>manufactum?</strong></span> 
     </span>
    </p>

    <p class='ocr_par' dir='ltr' id='par_1_4' title="bbox 286 1649 1957 2264">
     <span class='ocr_line' id='line_1_17' title="bbox 414 1649 1954 1701; baseline 0.003 -5"><span class='ocrx_word' id='word_1_132' title='bbox 414 1659 641 1696; x_wconf 85' lang='lat' dir='ltr'><strong>Crucibus</strong></span> <span class='ocrx_word' id='word_1_133' title='bbox 662 1659 710 1695; x_wconf 84' lang='lat' dir='ltr'><strong>et</strong></span> <span class='ocrx_word' id='word_1_134' title='bbox 731 1657 974 1701; x_wconf 83' lang='lat' dir='ltr'><strong>stipitibus</strong></span> <span class='ocrx_word' id='word_1_135' title='bbox 993 1667 1002 1694; x_wconf 73' lang='grc' dir='ltr'><em>ι</em></span> <span class='ocrx_word' id='word_1_136' title='bbox 1037 1655 1139 1694; x_wconf 90' lang='lat' dir='ltr'><strong>with</strong></span> <span class='ocrx_word' id='word_1_137' title='bbox 1162 1656 1235 1694; x_wconf 89' lang='lat' dir='ltr'><strong>the</strong></span> <span class='ocrx_word' id='word_1_138' title='bbox 1255 1649 1448 1696; x_wconf 88' lang='lat' dir='ltr'><strong>methods</strong></span> <span class='ocrx_word' id='word_1_139' title='bbox 1469 1657 1515 1696; x_wconf 87' lang='lat' dir='ltr'><strong>of</strong></span> <span class='ocrx_word' id='word_1_140' title='bbox 1538 1661 1701 1697; x_wconf 88' lang='lat' dir='ltr'><strong>torture</strong></span> <span class='ocrx_word' id='word_1_141' title='bbox 1719 1659 1821 1699; x_wconf 88' lang='lat' dir='ltr'><strong>here</strong></span> <span class='ocrx_word' id='word_1_142' title='bbox 1840 1674 1954 1701; x_wconf 90' lang='lat' dir='ltr'><strong>men-</strong></span> 
     </span>
     <span class='ocr_line' id='line_1_18' title="bbox 288 1716 1953 1770; baseline 0.004 -14"><span class='ocrx_word' id='word_1_143' title='bbox 288 1718 433 1757; x_wconf 88' lang='lat' dir='ltr'><strong>tioned</strong></span> <span class='ocrx_word' id='word_1_144' title='bbox 452 1731 582 1769; x_wconf 89' lang='lat' dir='ltr'><strong>comp.</strong></span> <span class='ocrx_word' id='word_1_145' title='bbox 603 1717 724 1757; x_wconf 89' lang='lat' dir='ltr'><strong>those</strong></span> <span class='ocrx_word' id='word_1_146' title='bbox 744 1717 790 1755; x_wconf 90' lang='lat' dir='ltr'><strong>in</strong></span> <span class='ocrx_word' id='word_1_147' title='bbox 809 1717 884 1756; x_wconf 89' lang='lat' dir='ltr'><strong>the</strong></span> <span class='ocrx_word' id='word_1_148' title='bbox 903 1729 1077 1768; x_wconf 84' lang='lat' dir='ltr'><strong>passage</strong></span> <span class='ocrx_word' id='word_1_149' title='bbox 1096 1716 1161 1756; x_wconf 89' lang='lat' dir='ltr'><strong>ch.</strong></span> <span class='ocrx_word' id='word_1_150' title='bbox 1185 1728 1249 1766; x_wconf 77' lang='grc'><strong>30,</strong></span> <span class='ocrx_word' id='word_1_151' title='bbox 1272 1721 1283 1739; x_wconf 89' lang='lat'>‘</span> <span class='ocrx_word' id='word_1_152' title='bbox 1298 1718 1357 1757; x_wconf 89' lang='lat' dir='ltr'><strong>sic</strong></span> <span class='ocrx_word' id='word_1_153' title='bbox 1376 1719 1520 1770; x_wconf 89' lang='lat' dir='ltr'><strong>itaque</strong></span> <span class='ocrx_word' id='word_1_154' title='bbox 1544 1733 1620 1759; x_wconf 89' lang='lat' dir='ltr'><strong>nos</strong></span> <span class='ocrx_word' id='word_1_155' title='bbox 1652 1721 1705 1759; x_wconf 91' lang='lat' dir='ltr'><strong>ad</strong></span> <span class='ocrx_word' id='word_1_156' title='bbox 1726 1722 1865 1761; x_wconf 87' lang='lat' dir='ltr'><strong>Deum</strong></span> <span class='ocrx_word' id='word_1_157' title='bbox 1885 1737 1953 1762; x_wconf 81' lang='lat' dir='ltr'><strong>ex-</strong></span> 
     </span>
     <span class='ocr_line' id='line_1_19' title="bbox 286 1778 1955 1834; baseline 0.004 -16"><span class='ocrx_word' id='word_1_158' title='bbox 286 1793 435 1831; x_wconf 87' lang='lat' dir='ltr'><strong>pansos</strong></span> <span class='ocrx_word' id='word_1_159' title='bbox 464 1780 647 1831; x_wconf 89' lang='lat' dir='ltr'><strong>ungulae</strong></span> <span class='ocrx_word' id='word_1_160' title='bbox 675 1779 854 1826; x_wconf 84' lang='lat' dir='ltr'><strong>fodiant,</strong></span> <span class='ocrx_word' id='word_1_161' title='bbox 885 1792 1026 1818; x_wconf 87' lang='lat' dir='ltr'><strong>cruces</strong></span> <span class='ocrx_word' id='word_1_162' title='bbox 1056 1778 1340 1830; x_wconf 87' lang='lat' dir='ltr'><strong>suspendant,’</strong></span> <span class='ocrx_word' id='word_1_163' title='bbox 1373 1783 1475 1830; x_wconf 72' lang='lat' dir='ltr'><strong>etc.;</strong></span> <span class='ocrx_word' id='word_1_164' title='bbox 1504 1781 1589 1820; x_wconf 90' lang='lat' dir='ltr'><strong>and</strong></span> <span class='ocrx_word' id='word_1_165' title='bbox 1622 1783 1674 1821; x_wconf 77' lang='lat' dir='ltr'><strong>de</strong></span> <span class='ocrx_word' id='word_1_166' title='bbox 1700 1784 1851 1834; x_wconf 73' lang='lat' dir='ltr'><strong>pudic.</strong></span> <span class='ocrx_word' id='word_1_167' title='bbox 1890 1797 1955 1825; x_wconf 85' lang='lat'><strong>22.</strong></span> 
     </span>
     <span class='ocr_line' id='line_1_20' title="bbox 288 1841 1954 1892; baseline 0.003 -11"><span class='ocrx_word' id='word_1_168' title='bbox 288 1841 371 1881; x_wconf 84' lang='lat' dir='ltr'><strong>For</strong></span> <span class='ocrx_word' id='word_1_169' title='bbox 389 1842 462 1881; x_wconf 89' lang='lat' dir='ltr'><strong>the</strong></span> <span class='ocrx_word' id='word_1_170' title='bbox 481 1841 731 1881; x_wconf 89' lang='lat' dir='ltr'><strong>barbarities</strong></span> <span class='ocrx_word' id='word_1_171' title='bbox 760 1841 805 1880; x_wconf 87' lang='lat' dir='ltr'><strong>of</strong></span> <span class='ocrx_word' id='word_1_172' title='bbox 829 1841 903 1880; x_wconf 88' lang='lat' dir='ltr'><strong>the</strong></span> <span class='ocrx_word' id='word_1_173' title='bbox 932 1841 1153 1880; x_wconf 89' lang='lat' dir='ltr'><strong>Neronian</strong></span> <span class='ocrx_word' id='word_1_174' title='bbox 1182 1842 1446 1892; x_wconf 85' lang='lat' dir='ltr'><strong>persecution</strong></span> <span class='ocrx_word' id='word_1_175' title='bbox 1467 1856 1536 1882; x_wconf 88' lang='lat' dir='ltr'><strong>see</strong></span> <span class='ocrx_word' id='word_1_176' title='bbox 1555 1844 1727 1889; x_wconf 85' lang='lat' dir='ltr'><strong>Tacitus</strong></span> <span class='ocrx_word' id='word_1_177' title='bbox 1746 1845 1861 1885; x_wconf 71' lang='lat' dir='ltr'><strong>Am.</strong></span> <span class='ocrx_word' id='word_1_178' title='bbox 1884 1860 1954 1888; x_wconf 85' lang='lat' dir='ltr'><strong>xv.</strong></span> 
     </span>
     <span class='ocr_line' id='line_1_21' title="bbox 288 1902 1957 1957; baseline 0.003 -15"><span class='ocrx_word' id='word_1_179' title='bbox 288 1916 354 1954; x_wconf 88' lang='lat'><strong>44,</strong></span> <span class='ocrx_word' id='word_1_180' title='bbox 382 1906 392 1924; x_wconf 91' lang='lat'>‘</span> <span class='ocrx_word' id='word_1_181' title='bbox 405 1904 462 1943; x_wconf 86' lang='lat' dir='ltr'><strong>Et</strong></span> <span class='ocrx_word' id='word_1_182' title='bbox 481 1904 750 1954; x_wconf 87' lang='lat' dir='ltr'><strong>pereuntibus</strong></span> <span class='ocrx_word' id='word_1_183' title='bbox 771 1902 917 1941; x_wconf 88' lang='lat' dir='ltr'><strong>addita</strong></span> <span class='ocrx_word' id='word_1_184' title='bbox 935 1902 1134 1951; x_wconf 89' lang='lat' dir='ltr'><strong>ludibria,</strong></span> <span class='ocrx_word' id='word_1_185' title='bbox 1156 1906 1205 1942; x_wconf 90' lang='lat' dir='ltr'><strong>ut</strong></span> <span class='ocrx_word' id='word_1_186' title='bbox 1223 1904 1409 1943; x_wconf 86' lang='lat' dir='ltr'><strong>ferarum</strong></span> <span class='ocrx_word' id='word_1_187' title='bbox 1427 1905 1558 1957; x_wconf 85' lang='lat' dir='ltr'><strong>tergis</strong></span> <span class='ocrx_word' id='word_1_188' title='bbox 1576 1908 1770 1956; x_wconf 88' lang='lat' dir='ltr'><strong>contecti,</strong></span> <span class='ocrx_word' id='word_1_189' title='bbox 1790 1908 1957 1948; x_wconf 88' lang='lat' dir='ltr'><strong>laniatu</strong></span> 
     </span>
     <span class='ocr_line' id='line_1_22' title="bbox 289 1964 1955 2019; baseline 0.004 -16"><span class='ocrx_word' id='word_1_190' title='bbox 289 1978 440 2003; x_wconf 89' lang='lat' dir='ltr'><strong>canum</strong></span> <span class='ocrx_word' id='word_1_191' title='bbox 459 1965 697 2014; x_wconf 88' lang='lat' dir='ltr'><strong>interirent,</strong></span> <span class='ocrx_word' id='word_1_192' title='bbox 720 1968 795 2004; x_wconf 89' lang='lat' dir='ltr'><strong>aut</strong></span> <span class='ocrx_word' id='word_1_193' title='bbox 821 1964 1011 2003; x_wconf 86' lang='lat' dir='ltr'><strong>crucibus</strong></span> <span class='ocrx_word' id='word_1_194' title='bbox 1042 1964 1181 2012; x_wconf 82' lang='lat' dir='ltr'><strong>adfixi,</strong></span> <span class='ocrx_word' id='word_1_195' title='bbox 1202 1969 1277 2004; x_wconf 88' lang='lat' dir='ltr'><strong>aut</strong></span> <span class='ocrx_word' id='word_1_196' title='bbox 1306 1966 1562 2015; x_wconf 87' lang='lat' dir='ltr'><strong>flammandi,</strong></span> <span class='ocrx_word' id='word_1_197' title='bbox 1587 1972 1728 2019; x_wconf 89' lang='lat' dir='ltr'><strong>atque,</strong></span> <span class='ocrx_word' id='word_1_198' title='bbox 1751 1969 1824 2008; x_wconf 90' lang='lat' dir='ltr'><strong>ubi</strong></span> <span class='ocrx_word' id='word_1_199' title='bbox 1844 1970 1955 2010; x_wconf 84' lang='lat' dir='ltr'><strong>defe-</strong></span> 
     </span>
     <span class='ocr_line' id='line_1_23' title="bbox 290 2026 1951 2082; baseline 0.004 -17"><span class='ocrx_word' id='word_1_200' title='bbox 290 2028 416 2067; x_wconf 89' lang='lat' dir='ltr'><strong>cisset</strong></span> <span class='ocrx_word' id='word_1_201' title='bbox 442 2028 543 2076; x_wconf 89' lang='lat' dir='ltr'><strong>dies,</strong></span> <span class='ocrx_word' id='word_1_202' title='bbox 574 2028 620 2066; x_wconf 93' lang='lat' dir='ltr'><strong>in</strong></span> <span class='ocrx_word' id='word_1_203' title='bbox 649 2041 771 2066; x_wconf 89' lang='lat' dir='ltr'><strong>usum</strong></span> <span class='ocrx_word' id='word_1_204' title='bbox 799 2026 994 2065; x_wconf 86' lang='lat' dir='ltr'><strong>nocturni</strong></span> <span class='ocrx_word' id='word_1_205' title='bbox 1022 2026 1195 2065; x_wconf 88' lang='lat' dir='ltr'><strong>luminis</strong></span> <span class='ocrx_word' id='word_1_206' title='bbox 1224 2028 1473 2068; x_wconf 57' lang='lat' dir='ltr'><strong>urerentur?</strong></span> <span class='ocrx_word' id='word_1_207' title='bbox 1532 2030 1672 2082; x_wconf 91' lang='lat' dir='ltr'><strong>Comp.</strong></span> <span class='ocrx_word' id='word_1_208' title='bbox 1695 2031 1846 2071; x_wconf 88' lang='lat' dir='ltr'><strong>Euseb.</strong></span> <span class='ocrx_word' id='word_1_209' title='bbox 1868 2047 1907 2071; x_wconf 89' lang='lat' dir='ltr'><strong>v.</strong></span> <span class='ocrx_word' id='word_1_210' title='bbox 1933 2045 1951 2071; x_wconf 93' lang='lat'>1</span> 
     </span>
     <span class='ocr_line' id='line_1_24' title="bbox 289 2087 1953 2143; baseline 0.002 -15"><span class='ocrx_word' id='word_1_211' title='bbox 289 2089 354 2128; x_wconf 89' lang='lat' dir='ltr'><strong>for</strong></span> <span class='ocrx_word' id='word_1_212' title='bbox 373 2089 445 2128; x_wconf 91' lang='lat' dir='ltr'><strong>the</strong></span> <span class='ocrx_word' id='word_1_213' title='bbox 464 2089 742 2141; x_wconf 85' lang='lat' dir='ltr'><strong>martyrdoms</strong></span> <span class='ocrx_word' id='word_1_214' title='bbox 762 2089 807 2127; x_wconf 89' lang='lat' dir='ltr'><strong>in</strong></span> <span class='ocrx_word' id='word_1_215' title='bbox 832 2089 944 2128; x_wconf 82' lang='lat' dir='ltr'><strong>Gaul</strong></span> <span class='ocrx_word' id='word_1_216' title='bbox 971 2087 1106 2127; x_wconf 89' lang='lat' dir='ltr'><strong>under</strong></span> <span class='ocrx_word' id='word_1_217' title='bbox 1135 2088 1307 2128; x_wconf 84' lang='lat' dir='ltr'><strong>Marcus</strong></span> <span class='ocrx_word' id='word_1_218' title='bbox 1327 2090 1558 2136; x_wconf 86' lang='lat' dir='ltr'><strong>Aurelius;</strong></span> <span class='ocrx_word' id='word_1_219' title='bbox 1590 2092 1675 2130; x_wconf 88' lang='lat' dir='ltr'><strong>and</strong></span> <span class='ocrx_word' id='word_1_220' title='bbox 1694 2093 1782 2131; x_wconf 91' lang='lat' dir='ltr'><strong>viii.</strong></span> <span class='ocrx_word' id='word_1_221' title='bbox 1811 2104 1858 2143; x_wconf 84' lang='lat'><strong>13</strong></span> <span class='ocrx_word' id='word_1_222' title='bbox 1888 2095 1953 2133; x_wconf 87' lang='lat' dir='ltr'><strong>for</strong></span> 
     </span>
     <span class='ocr_line' id='line_1_25' title="bbox 290 2150 1956 2207; baseline 0.002 -17"><span class='ocrx_word' id='word_1_223' title='bbox 290 2151 363 2190; x_wconf 87' lang='lat' dir='ltr'><strong>the</strong></span> <span class='ocrx_word' id='word_1_224' title='bbox 382 2150 622 2190; x_wconf 84' lang='lat' dir='ltr'><strong>Diocletian</strong></span> <span class='ocrx_word' id='word_1_225' title='bbox 641 2151 846 2198; x_wconf 88' lang='lat' dir='ltr'><strong>cruelties,</strong></span> <span class='ocrx_word' id='word_1_226' title='bbox 871 2161 912 2189; x_wconf 85' lang='lat' dir='ltr'><strong>A.</strong></span> <span class='ocrx_word' id='word_1_227' title='bbox 925 2159 970 2189; x_wconf 88' lang='lat' dir='ltr'><strong>D.</strong></span> <span class='ocrx_word' id='word_1_228' title='bbox 993 2161 1070 2199; x_wconf 83' lang='lat'><strong>303</strong></span> <span class='ocrx_word' id='word_1_229' title='bbox 1088 2163 1096 2189; x_wconf 90' lang='lat'>:</span> <span class='ocrx_word' id='word_1_230' title='bbox 1129 2163 1196 2189; x_wconf 88' lang='lat' dir='ltr'><strong>see</strong></span> <span class='ocrx_word' id='word_1_231' title='bbox 1219 2151 1293 2190; x_wconf 88' lang='lat' dir='ltr'><strong>the</strong></span> <span class='ocrx_word' id='word_1_232' title='bbox 1313 2153 1493 2205; x_wconf 88' lang='lat' dir='ltr'><strong>opening</strong></span> <span class='ocrx_word' id='word_1_233' title='bbox 1512 2154 1686 2205; x_wconf 86' lang='lat' dir='ltr'><strong>chapter</strong></span> <span class='ocrx_word' id='word_1_234' title='bbox 1706 2154 1752 2192; x_wconf 84' lang='lat' dir='ltr'><strong>of</strong></span> <span class='ocrx_word' id='word_1_235' title='bbox 1767 2154 1956 2207; x_wconf 87' lang='lat' dir='ltr'><strong>Bright&#39;s</strong></span> 
     </span>
     <span class='ocr_line' id='line_1_26' title="bbox 290 2212 1179 2264; baseline -0.001 -13"><span class='ocrx_word' id='word_1_236' title='bbox 290 2213 476 2264; x_wconf 68' lang='lat' dir='ltr'><strong>History</strong></span> <span class='ocrx_word' id='word_1_237' title='bbox 497 2213 550 2263; x_wconf 85' lang='lat' dir='ltr'><strong>of</strong></span> <span class='ocrx_word' id='word_1_238' title='bbox 564 2212 631 2251; x_wconf 70' lang='lat' dir='ltr'><strong>the</strong></span> <span class='ocrx_word' id='word_1_239' title='bbox 657 2212 833 2260; x_wconf 73' lang='lat' dir='ltr'><strong>Charch,</strong></span> <span class='ocrx_word' id='word_1_240' title='bbox 855 2222 954 2251; x_wconf 89' lang='lat' dir='ltr'><strong>A.D.</strong></span> <span class='ocrx_word' id='word_1_241' title='bbox 978 2221 1179 2262; x_wconf 81' lang='lat'>313-451.</span> 
     </span>
    </p>

    <p class='ocr_par' dir='ltr' id='par_1_5' title="bbox 290 2272 1956 2449">
     <span class='ocr_line' id='line_1_27' title="bbox 347 2272 1955 2327; baseline 0.003 -15"><span class='ocrx_word' id='word_1_242' title='bbox 347 2282 382 2325; x_wconf 85' lang='lat'><strong>7.</strong></span> <span class='ocrx_word' id='word_1_243' title='bbox 414 2272 829 2324; x_wconf 62' lang='lat' dir='ltr'><strong>argillazdpthm</strong></span> <span class='ocrx_word' id='word_1_244' title='bbox 864 2272 1019 2325; x_wconf 75' lang='grc' dir='ltr'>(ἀρ’γής,</span> <span class='ocrx_word' id='word_1_245' title='bbox 1051 2272 1210 2326; x_wconf 63' lang='lat' dir='ltr'><strong>whizffe),</strong></span> <span class='ocrx_word' id='word_1_246' title='bbox 1242 2273 1396 2314; x_wconf 87' lang='lat' dir='ltr'><strong>‘white</strong></span> <span class='ocrx_word' id='word_1_247' title='bbox 1422 2273 1543 2327; x_wconf 83' lang='lat' dir='ltr'><strong>clay,&#39;</strong></span> <span class='ocrx_word' id='word_1_248' title='bbox 1576 2275 1770 2327; x_wconf 83' lang='lat' dir='ltr'><strong>‘potter&#39;s</strong></span> <span class='ocrx_word' id='word_1_249' title='bbox 1807 2276 1955 2327; x_wconf 87' lang='lat' dir='ltr'><strong>earth‚‘</strong></span> 
     </span>
     <span class='ocr_line' id='line_1_28' title="bbox 297 2333 1956 2391; baseline 0.004 -18"><span class='ocrx_word' id='word_1_250' title='bbox 297 2339 307 2358; x_wconf 90' lang='lat'>‘</span> <span class='ocrx_word' id='word_1_251' title='bbox 322 2333 453 2386; x_wconf 87' lang='lat' dir='ltr'><strong>argil.&#39;</strong></span> <span class='ocrx_word' id='word_1_252' title='bbox 509 2336 598 2374; x_wconf 89' lang='lat' dir='ltr'><strong>The</strong></span> <span class='ocrx_word' id='word_1_253' title='bbox 616 2336 733 2374; x_wconf 89' lang='lat' dir='ltr'><strong>word</strong></span> <span class='ocrx_word' id='word_1_254' title='bbox 753 2349 896 2375; x_wconf 88' lang='lat' dir='ltr'><strong>occurs</strong></span> <span class='ocrx_word' id='word_1_255' title='bbox 916 2335 1067 2386; x_wconf 84' lang='lat' dir='ltr'><strong>chiefly</strong></span> <span class='ocrx_word' id='word_1_256' title='bbox 1087 2336 1132 2374; x_wconf 89' lang='lat' dir='ltr'><strong>in</strong></span> <span class='ocrx_word' id='word_1_257' title='bbox 1152 2336 1316 2375; x_wconf 87' lang='lat' dir='ltr'><strong>writers</strong></span> <span class='ocrx_word' id='word_1_258' title='bbox 1343 2350 1397 2376; x_wconf 92' lang='lat' dir='ltr'><strong>on</strong></span> <span class='ocrx_word' id='word_1_259' title='bbox 1415 2337 1675 2391; x_wconf 81' lang='lat' dir='ltr'><strong>husbandry,</strong></span> <span class='ocrx_word' id='word_1_260' title='bbox 1697 2353 1729 2378; x_wconf 81' lang='lat' dir='ltr'><strong>e.</strong></span> <span class='ocrx_word' id='word_1_261' title='bbox 1747 2353 1793 2391; x_wconf 73' lang='lat'><strong>9.</strong></span> <span class='ocrx_word' id='word_1_262' title='bbox 1815 2340 1956 2380; x_wconf 87' lang='lat' dir='ltr'><strong>Palla-</strong></span> 
     </span>
     <span class='ocr_line' id='line_1_29' title="bbox 290 2396 1425 2449; baseline 0.003 -14"><span class='ocrx_word' id='word_1_263' title='bbox 290 2397 382 2436; x_wconf 88' lang='lat' dir='ltr'><strong>dius</strong></span> <span class='ocrx_word' id='word_1_264' title='bbox 402 2397 486 2436; x_wconf 89' lang='lat' dir='ltr'><strong>and</strong></span> <span class='ocrx_word' id='word_1_265' title='bbox 507 2397 763 2445; x_wconf 82' lang='lat' dir='ltr'><strong>Columella3</strong></span> <span class='ocrx_word' id='word_1_266' title='bbox 793 2411 922 2449; x_wconf 87' lang='lat' dir='ltr'><strong>comp.</strong></span> <span class='ocrx_word' id='word_1_267' title='bbox 944 2398 1072 2448; x_wconf 86' lang='lat' dir='ltr'><strong>Verg.</strong></span> <span class='ocrx_word' id='word_1_268' title='bbox 1097 2396 1243 2449; x_wconf 70' lang='lat' dir='ltr'><strong>Geory.</strong></span> <span class='ocrx_word' id='word_1_269' title='bbox 1264 2398 1305 2438; x_wconf 85' lang='lat' dir='ltr'><strong>ii.</strong></span> <span class='ocrx_word' id='word_1_270' title='bbox 1333 2399 1425 2438; x_wconf 91' lang='lat'><em>180.</em></span> 
     </span>
    </p>

    <p class='ocr_par' dir='ltr' id='par_1_6' title="bbox 345 2459 1088 2510">
     <span class='ocr_line' id='line_1_30' title="bbox 345 2459 1088 2510; baseline 0.003 -14"><span class='ocrx_word' id='word_1_271' title='bbox 345 2471 383 2510; x_wconf 91' lang='lat'><strong>9.</strong></span> <span class='ocrx_word' id='word_1_272' title='bbox 413 2461 670 2498; x_wconf 84' lang='lat' dir='ltr'><strong>dedicatur.</strong></span> <span class='ocrx_word' id='word_1_273' title='bbox 732 2459 809 2499; x_wconf 81' lang='lat' dir='ltr'><strong>See</strong></span> <span class='ocrx_word' id='word_1_274' title='bbox 829 2463 942 2505; x_wconf 86' lang='lat' dir='ltr'><strong>note,</strong></span> <span class='ocrx_word' id='word_1_275' title='bbox 964 2459 1027 2498; x_wconf 89' lang='lat' dir='ltr'><strong>ch.</strong></span> <span class='ocrx_word' id='word_1_276' title='bbox 1051 2469 1088 2509; x_wconf 83' lang='lat'><strong>5.</strong></span> 
     </span>
    </p>

    <p class='ocr_par' dir='ltr' id='par_1_7' title="bbox 290 2521 1956 3059">
     <span class='ocr_line' id='line_1_31' title="bbox 348 2521 1954 2575; baseline 0.004 -17"><span class='ocrx_word' id='word_1_277' title='bbox 348 2531 410 2569; x_wconf 81' lang='lat'><strong>13.</strong></span> <span class='ocrx_word' id='word_1_278' title='bbox 440 2522 518 2558; x_wconf 86' lang='lat' dir='ltr'><strong>Ad</strong></span> <span class='ocrx_word' id='word_1_279' title='bbox 537 2523 714 2560; x_wconf 84' lang='lat' dir='ltr'><strong>bestias</strong></span> <span class='ocrx_word' id='word_1_280' title='bbox 745 2551 755 2560; x_wconf 89' lang='lat'>.</span> <span class='ocrx_word' id='word_1_281' title='bbox 787 2550 796 2559; x_wconf 90' lang='lat'><strong>.</strong></span> <span class='ocrx_word' id='word_1_282' title='bbox 829 2551 838 2559; x_wconf 89' lang='lat'><strong>.</strong></span> <span class='ocrx_word' id='word_1_283' title='bbox 868 2524 1054 2569; x_wconf 84' lang='lat' dir='ltr'><strong>Libero,</strong></span> <span class='ocrx_word' id='word_1_284' title='bbox 1079 2526 1153 2560; x_wconf 80' lang='lat' dir='ltr'><strong>ete.</strong></span> <span class='ocrx_word' id='word_1_285' title='bbox 1210 2521 1413 2571; x_wconf 89' lang='lat' dir='ltr'><strong>Bacchus,</strong></span> <span class='ocrx_word' id='word_1_286' title='bbox 1442 2522 1613 2575; x_wconf 86' lang='lat' dir='ltr'><strong>Cybele,</strong></span> <span class='ocrx_word' id='word_1_287' title='bbox 1644 2523 1728 2563; x_wconf 89' lang='lat' dir='ltr'><strong>and</strong></span> <span class='ocrx_word' id='word_1_288' title='bbox 1749 2524 1954 2565; x_wconf 83' lang='lat' dir='ltr'><strong>Caelestis</strong></span> 
     </span>
     <span class='ocr_line' id='line_1_32' title="bbox 290 2580 1954 2639; baseline 0.005 -21"><span class='ocrx_word' id='word_1_289' title='bbox 290 2593 398 2619; x_wconf 84' lang='lat' dir='ltr'><strong>were</strong></span> <span class='ocrx_word' id='word_1_290' title='bbox 420 2580 534 2620; x_wconf 89' lang='lat' dir='ltr'><strong>often</strong></span> <span class='ocrx_word' id='word_1_291' title='bbox 553 2582 822 2632; x_wconf 89' lang='lat' dir='ltr'><strong>represented</strong></span> <span class='ocrx_word' id='word_1_292' title='bbox 840 2583 886 2621; x_wconf 88' lang='lat' dir='ltr'><strong>in</strong></span> <span class='ocrx_word' id='word_1_293' title='bbox 906 2582 1086 2622; x_wconf 88' lang='lat' dir='ltr'><strong>chariots</strong></span> <span class='ocrx_word' id='word_1_294' title='bbox 1114 2582 1261 2622; x_wconf 86' lang='lat' dir='ltr'><strong>drawn</strong></span> <span class='ocrx_word' id='word_1_295' title='bbox 1289 2584 1347 2635; x_wconf 85' lang='lat' dir='ltr'><strong>by</strong></span> <span class='ocrx_word' id='word_1_296' title='bbox 1366 2584 1486 2632; x_wconf 86' lang='lat' dir='ltr'><strong>lions,</strong></span> <span class='ocrx_word' id='word_1_297' title='bbox 1509 2585 1673 2637; x_wconf 86' lang='lat' dir='ltr'><strong>lynxes,</strong></span> <span class='ocrx_word' id='word_1_298' title='bbox 1695 2586 1779 2625; x_wconf 91' lang='lat' dir='ltr'><strong>and</strong></span> <span class='ocrx_word' id='word_1_299' title='bbox 1802 2587 1954 2639; x_wconf 75' lang='lat' dir='ltr'><strong>tigers&#39;3</strong></span> 
     </span>
     <span class='ocr_line' id='line_1_33' title="bbox 290 2642 1956 2695; baseline 0.004 -15"><span class='ocrx_word' id='word_1_300' title='bbox 290 2655 420 2692; x_wconf 91' lang='lat' dir='ltr'><strong>comp.</strong></span> <span class='ocrx_word' id='word_1_301' title='bbox 443 2642 610 2681; x_wconf 78' lang='lat' dir='ltr'><strong>Luci-et.</strong></span> <span class='ocrx_word' id='word_1_302' title='bbox 633 2643 678 2682; x_wconf 89' lang='lat' dir='ltr'><strong>ii.</strong></span> <span class='ocrx_word' id='word_1_303' title='bbox 700 2642 806 2691; x_wconf 88' lang='lat'>600;</span> <span class='ocrx_word' id='word_1_304' title='bbox 834 2644 961 2695; x_wconf 87' lang='lat' dir='ltr'><strong>Verg.</strong></span> <span class='ocrx_word' id='word_1_305' title='bbox 983 2645 1091 2684; x_wconf 76' lang='lat' dir='ltr'><strong>Aen.</strong></span> <span class='ocrx_word' id='word_1_306' title='bbox 1110 2645 1167 2683; x_wconf 88' lang='lat' dir='ltr'><strong>iii.</strong></span> <span class='ocrx_word' id='word_1_307' title='bbox 1194 2655 1266 2683; x_wconf 81' lang='lat'><strong>111</strong></span> <span class='ocrx_word' id='word_1_308' title='bbox 1291 2645 1335 2685; x_wconf 87' lang='lat' dir='ltr'><strong>ff.</strong></span> <span class='ocrx_word' id='word_1_309' title='bbox 1393 2647 1735 2686; x_wconf 78' lang='lat' dir='ltr'><strong>Juno-Caelestis</strong></span> <span class='ocrx_word' id='word_1_310' title='bbox 1751 2662 1837 2687; x_wconf 88' lang='lat' dir='ltr'><strong>was</strong></span> <span class='ocrx_word' id='word_1_311' title='bbox 1852 2662 1956 2687; x_wconf 89' lang='lat' dir='ltr'><strong>wor-</strong></span> 
     </span>
     <span class='ocr_line' id='line_1_34' title="bbox 291 2703 1953 2761; baseline 0.004 -20"><span class='ocrx_word' id='word_1_312' title='bbox 291 2703 468 2754; x_wconf 88' lang='lat' dir='ltr'><strong>shipped</strong></span> <span class='ocrx_word' id='word_1_313' title='bbox 488 2707 533 2742; x_wconf 87' lang='lat' dir='ltr'><strong>at</strong></span> <span class='ocrx_word' id='word_1_314' title='bbox 553 2704 763 2755; x_wconf 88' lang='lat' dir='ltr'><strong>Carthage</strong></span> <span class='ocrx_word' id='word_1_315' title='bbox 783 2705 918 2743; x_wconf 88' lang='lat' dir='ltr'><strong>under</strong></span> <span class='ocrx_word' id='word_1_316' title='bbox 937 2705 1011 2744; x_wconf 89' lang='lat' dir='ltr'><strong>the</strong></span> <span class='ocrx_word' id='word_1_317' title='bbox 1031 2705 1162 2756; x_wconf 86' lang='lat' dir='ltr'><strong>figure</strong></span> <span class='ocrx_word' id='word_1_318' title='bbox 1182 2705 1228 2744; x_wconf 89' lang='lat' dir='ltr'><strong>of</strong></span> <span class='ocrx_word' id='word_1_319' title='bbox 1243 2719 1268 2744; x_wconf 88' lang='lat' dir='ltr'><strong>a</strong></span> <span class='ocrx_word' id='word_1_320' title='bbox 1288 2706 1427 2758; x_wconf 87' lang='lat' dir='ltr'><strong>virgin</strong></span> <span class='ocrx_word' id='word_1_321' title='bbox 1453 2708 1614 2747; x_wconf 89' lang='lat' dir='ltr'><strong>carried</strong></span> <span class='ocrx_word' id='word_1_322' title='bbox 1642 2712 1687 2748; x_wconf 88' lang='lat' dir='ltr'><strong>to</strong></span> <span class='ocrx_word' id='word_1_323' title='bbox 1715 2709 1879 2749; x_wconf 87' lang='lat' dir='ltr'><strong>heaven</strong></span> <span class='ocrx_word' id='word_1_324' title='bbox 1898 2709 1953 2761; x_wconf 85' lang='lat' dir='ltr'><strong>by</strong></span> 
     </span>
     <span class='ocr_line' id='line_1_35' title="bbox 290 2766 1954 2822; baseline 0.004 -19"><span class='ocrx_word' id='word_1_325' title='bbox 290 2778 316 2803; x_wconf 88' lang='lat' dir='ltr'><strong>a</strong></span> <span class='ocrx_word' id='word_1_326' title='bbox 344 2766 457 2813; x_wconf 84' lang='lat' dir='ltr'><strong>lion3</strong></span> <span class='ocrx_word' id='word_1_327' title='bbox 487 2766 694 2816; x_wconf 87' lang='lat' dir='ltr'><strong>Apuleius</strong></span> <span class='ocrx_word' id='word_1_328' title='bbox 714 2766 994 2818; x_wconf 73' lang='lat' dir='ltr'><strong>Metamorph.</strong></span> <span class='ocrx_word' id='word_1_329' title='bbox 1020 2767 1057 2815; x_wconf 90' lang='lat'><strong>6,</strong></span> <span class='ocrx_word' id='word_1_330' title='bbox 1092 2769 1102 2787; x_wconf 84' lang='lat'>‘</span> <span class='ocrx_word' id='word_1_331' title='bbox 1120 2767 1272 2819; x_wconf 87' lang='lat' dir='ltr'><strong>Magni</strong></span> <span class='ocrx_word' id='word_1_332' title='bbox 1300 2768 1331 2807; x_wconf 83' lang='lat' dir='ltr'><strong>J</strong></span> <span class='ocrx_word' id='word_1_333' title='bbox 1335 2769 1423 2807; x_wconf 90' lang='lat' dir='ltr'><strong>ovis</strong></span> <span class='ocrx_word' id='word_1_334' title='bbox 1451 2783 1651 2821; x_wconf 88' lang='lat' dir='ltr'><strong>germana</strong></span> <span class='ocrx_word' id='word_1_335' title='bbox 1680 2775 1723 2810; x_wconf 90' lang='lat' dir='ltr'><strong>et</strong></span> <span class='ocrx_word' id='word_1_336' title='bbox 1751 2772 1954 2822; x_wconf 81' lang='lat' dir='ltr'><strong>conjuga:</strong></span> 
     </span>
     <span class='ocr_line' id='line_1_36' title="bbox 292 2825 1952 2883; baseline 0.005 -19"><span class='ocrx_word' id='word_1_337' title='bbox 292 2825 380 2864; x_wconf 87' lang='lat' dir='ltr'><strong>sive</strong></span> <span class='ocrx_word' id='word_1_338' title='bbox 418 2829 466 2865; x_wconf 82' lang='lat' dir='ltr'><strong>tu</strong></span> <span class='ocrx_word' id='word_1_339' title='bbox 506 2827 621 2865; x_wconf 85' lang='lat' dir='ltr'><strong>Sami</strong></span> <span class='ocrx_word' id='word_1_340' title='bbox 662 2858 670 2866; x_wconf 93' lang='lat'>.</span> <span class='ocrx_word' id='word_1_341' title='bbox 713 2857 722 2866; x_wconf 86' lang='lat'><strong>.</strong></span> <span class='ocrx_word' id='word_1_342' title='bbox 765 2858 773 2866; x_wconf 94' lang='lat'><strong><em>.</em></strong></span> <span class='ocrx_word' id='word_1_343' title='bbox 812 2832 931 2868; x_wconf 89' lang='lat' dir='ltr'><strong>tenes</strong></span> <span class='ocrx_word' id='word_1_344' title='bbox 960 2832 1129 2868; x_wconf 88' lang='lat' dir='ltr'><strong>vetusta</strong></span> <span class='ocrx_word' id='word_1_345' title='bbox 1163 2829 1350 2878; x_wconf 87' lang='lat' dir='ltr'><strong>delubra,</strong></span> <span class='ocrx_word' id='word_1_346' title='bbox 1390 2831 1478 2871; x_wconf 89' lang='lat' dir='ltr'><strong>sive</strong></span> <span class='ocrx_word' id='word_1_347' title='bbox 1505 2832 1641 2871; x_wconf 88' lang='lat' dir='ltr'><strong>celsae</strong></span> <span class='ocrx_word' id='word_1_348' title='bbox 1669 2831 1952 2883; x_wconf 84' lang='lat' dir='ltr'><strong>Carthaginis,</strong></span> 
     </span>
     <span class='ocr_line' id='line_1_37' title="bbox 290 2888 1953 2944; baseline 0.005 -20"><span class='ocrx_word' id='word_1_349' title='bbox 290 2900 398 2937; x_wconf 89' lang='lat' dir='ltr'><strong>quae</strong></span> <span class='ocrx_word' id='word_1_350' title='bbox 429 2891 472 2926; x_wconf 92' lang='lat' dir='ltr'><strong>te</strong></span> <span class='ocrx_word' id='word_1_351' title='bbox 508 2888 718 2938; x_wconf 87' lang='lat' dir='ltr'><strong>virginem</strong></span> <span class='ocrx_word' id='word_1_352' title='bbox 752 2893 927 2929; x_wconf 85' lang='lat' dir='ltr'><strong>vectura</strong></span> <span class='ocrx_word' id='word_1_353' title='bbox 955 2890 1087 2929; x_wconf 90' lang='lat' dir='ltr'><strong>leonis</strong></span> <span class='ocrx_word' id='word_1_354' title='bbox 1116 2891 1231 2929; x_wconf 90' lang='lat' dir='ltr'><strong>caelo</strong></span> <span class='ocrx_word' id='word_1_355' title='bbox 1260 2896 1563 2931; x_wconf 88' lang='lat' dir='ltr'><strong>commeantem</strong></span> <span class='ocrx_word' id='word_1_356' title='bbox 1590 2894 1779 2944; x_wconf 86' lang='lat' dir='ltr'><strong>percolit,</strong></span> <span class='ocrx_word' id='word_1_357' title='bbox 1808 2893 1953 2937; x_wconf 85' lang='lat' dir='ltr'><strong>beatas</strong></span> 
     </span>
     <span class='ocr_line' id='line_1_38' title="bbox 292 2947 1952 3006; baseline 0.005 -21"><span class='ocrx_word' id='word_1_358' title='bbox 292 2947 407 2986; x_wconf 88' lang='lat' dir='ltr'><strong>sedes</strong></span> <span class='ocrx_word' id='word_1_359' title='bbox 445 2947 715 2999; x_wconf 85' lang='lat' dir='ltr'><strong>frequentas,’</strong></span> <span class='ocrx_word' id='word_1_360' title='bbox 758 2953 834 2990; x_wconf 70' lang='lat' dir='ltr'><strong>eto.</strong></span> <span class='ocrx_word' id='word_1_361' title='bbox 894 2951 959 2991; x_wconf 91' lang='lat' dir='ltr'><strong>On</strong></span> <span class='ocrx_word' id='word_1_362' title='bbox 997 2951 1232 2991; x_wconf 86' lang='lat' dir='ltr'><strong>Christians</strong></span> <span class='ocrx_word' id='word_1_363' title='bbox 1263 2952 1429 2992; x_wconf 89' lang='lat' dir='ltr'><strong>thrown</strong></span> <span class='ocrx_word' id='word_1_364' title='bbox 1458 2957 1503 2993; x_wconf 90' lang='lat' dir='ltr'><strong>to</strong></span> <span class='ocrx_word' id='word_1_365' title='bbox 1539 2954 1614 2994; x_wconf 86' lang='lat' dir='ltr'><strong>the</strong></span> <span class='ocrx_word' id='word_1_366' title='bbox 1646 2955 1786 2994; x_wconf 86' lang='lat' dir='ltr'><strong>beasts</strong></span> <span class='ocrx_word' id='word_1_367' title='bbox 1819 2967 1952 3006; x_wconf 89' lang='lat' dir='ltr'><strong>comp.</strong></span> 
     </span>
     <span class='ocr_line' id='line_1_39' title="bbox 290 3008 445 3059; baseline 0 -12"><span class='ocrx_word' id='word_1_368' title='bbox 290 3008 356 3048; x_wconf 90' lang='lat' dir='ltr'><strong>ch.</strong></span> <span class='ocrx_word' id='word_1_369' title='bbox 379 3019 445 3059; x_wconf 91' lang='lat'><strong>40.</strong></span> 
     </span>
    </p>

    <p class='ocr_par' dir='ltr' id='par_1_8' title="bbox 291 3072 1951 3251">
     <span class='ocr_line' id='line_1_40' title="bbox 350 3072 1951 3128; baseline 0.004 -20"><span class='ocrx_word' id='word_1_370' title='bbox 350 3081 412 3120; x_wconf 92' lang='lat'><strong>14.</strong></span> <span class='ocrx_word' id='word_1_371' title='bbox 444 3073 659 3111; x_wconf 85' lang='lat' dir='ltr'><strong>Caelesti.</strong></span> <span class='ocrx_word' id='word_1_372' title='bbox 716 3072 792 3111; x_wconf 82' lang='lat' dir='ltr'><strong>See</strong></span> <span class='ocrx_word' id='word_1_373' title='bbox 818 3074 893 3113; x_wconf 87' lang='lat' dir='ltr'><strong>the</strong></span> <span class='ocrx_word' id='word_1_374' title='bbox 920 3073 1230 3124; x_wconf 87' lang='lat' dir='ltr'><strong>Introduction,</strong></span> <span class='ocrx_word' id='word_1_375' title='bbox 1257 3089 1295 3126; x_wconf 90' lang='lat' dir='ltr'><strong>p.</strong></span> <span class='ocrx_word' id='word_1_376' title='bbox 1312 3075 1369 3123; x_wconf 84' lang='lat' dir='ltr'><strong>xi,</strong></span> <span class='ocrx_word' id='word_1_377' title='bbox 1399 3076 1484 3115; x_wconf 87' lang='lat' dir='ltr'><strong>and</strong></span> <span class='ocrx_word' id='word_1_378' title='bbox 1512 3076 1658 3125; x_wconf 88' lang='lat' dir='ltr'><strong>below,</strong></span> <span class='ocrx_word' id='word_1_379' title='bbox 1690 3076 1753 3114; x_wconf 91' lang='lat' dir='ltr'><strong>ch.</strong></span> <span class='ocrx_word' id='word_1_380' title='bbox 1788 3088 1852 3126; x_wconf 84' lang='lat'><strong>23,</strong></span> <span class='ocrx_word' id='word_1_381' title='bbox 1886 3088 1951 3128; x_wconf 81' lang='lat'><strong>24,</strong></span> 
     </span>
     <span class='ocr_line' id='line_1_41' title="bbox 291 3131 1950 3189; baseline 0.005 -18"><span class='ocrx_word' id='word_1_382' title='bbox 291 3131 429 3171; x_wconf 89' lang='lat' dir='ltr'><strong>where</strong></span> <span class='ocrx_word' id='word_1_383' title='bbox 452 3133 691 3172; x_wconf 86' lang='lat' dir='ltr'><strong>Tertullian</strong></span> <span class='ocrx_word' id='word_1_384' title='bbox 710 3133 915 3175; x_wconf 86' lang='lat' dir='ltr'><strong>indicates</strong></span> <span class='ocrx_word' id='word_1_385' title='bbox 936 3136 1138 3176; x_wconf 88' lang='lat' dir='ltr'><strong>Caelestis</strong></span> <span class='ocrx_word' id='word_1_386' title='bbox 1158 3150 1202 3176; x_wconf 85' lang='lat' dir='ltr'><strong>as</strong></span> <span class='ocrx_word' id='word_1_387' title='bbox 1222 3137 1295 3175; x_wconf 89' lang='lat' dir='ltr'><strong>the</strong></span> <span class='ocrx_word' id='word_1_388' title='bbox 1315 3137 1505 3176; x_wconf 88' lang='lat' dir='ltr'><strong>national</strong></span> <span class='ocrx_word' id='word_1_389' title='bbox 1526 3138 1707 3189; x_wconf 81' lang='lat' dir='ltr'><strong>divinity</strong></span> <span class='ocrx_word' id='word_1_390' title='bbox 1729 3137 1774 3176; x_wconf 87' lang='lat' dir='ltr'><strong>of</strong></span> <span class='ocrx_word' id='word_1_391' title='bbox 1787 3138 1950 3180; x_wconf 88' lang='lat' dir='ltr'><strong>Africa.</strong></span> 
     </span>
     <span class='ocr_line' id='line_1_42' title="bbox 292 3194 1951 3251; baseline 0.004 -18"><span class='ocrx_word' id='word_1_392' title='bbox 292 3194 435 3244; x_wconf 90' lang='lat' dir='ltr'><strong>Comp.</strong></span> <span class='ocrx_word' id='word_1_393' title='bbox 478 3194 718 3245; x_wconf 72' lang='lat' dir='ltr'><strong>August-,ine</strong></span> <span class='ocrx_word' id='word_1_394' title='bbox 765 3196 900 3237; x_wconf 75' lang='lat' dir='ltr'><strong>Serm.</strong></span> <span class='ocrx_word' id='word_1_395' title='bbox 942 3198 1020 3237; x_wconf 88' lang='lat' dir='ltr'><strong>cvi.</strong></span> <span class='ocrx_word' id='word_1_396' title='bbox 1079 3209 1142 3248; x_wconf 90' lang='lat'><strong>12,</strong></span> <span class='ocrx_word' id='word_1_397' title='bbox 1207 3198 1440 3251; x_wconf 85' lang='lat' dir='ltr'><strong>‘Carthago</strong></span> <span class='ocrx_word' id='word_1_398' title='bbox 1483 3199 1528 3237; x_wconf 89' lang='lat' dir='ltr'><strong>in</strong></span> <span class='ocrx_word' id='word_1_399' title='bbox 1577 3200 1744 3239; x_wconf 87' lang='lat' dir='ltr'><strong>nomine</strong></span> <span class='ocrx_word' id='word_1_400' title='bbox 1791 3200 1951 3241; x_wconf 88' lang='lat' dir='ltr'><strong>Christi</strong></span> 
     </span>
    </p>
   </div>
  </div>
 </body>
</html>
