2154 3564
223 208 322 276 158
845 207 1130 275 Appendz’x
1165 206 1248 260 II.

217 351 398 414 viginti
423 367 628 414 quoque.
697 349 874 397 Omnes
900 354 948 396 et
972 347 1235 410 imaginem
1258 350 1396 395 tuam
1420 347 1712 409 deorumque
1737 345 1883 393 simu-

218 431 348 478 lacra
367 429 586 478 venerati
612 433 752 476 sunt:
778 428 816 474 ii
842 434 890 475 et
916 427 1113 475 Christo
1138 426 1507 474 maledixerunt.
1559 425 1882 472 Affirmabant

219 514 385 556 autem
409 508 530 555 hanc
555 508 701 555 fuisse
728 523 961 554 summam
986 505 1063 553 vel
1088 505 1259 567 culpae
1293 520 1406 552 suae
1430 504 1509 552 vel
1534 503 1726 562 erroris,
1756 502 1885 564 quod

218 592 378 635 essent
425 585 558 634 soliti
611 589 739 633 stato
787 584 864 631 die
913 588 1025 631 ante
1073 584 1231 630 lucem
1280 582 1550 640 convenire,
1595 597 1883 643 carmenque

220 665 429 723 Christo,
458 664 595 728 quasi
622 664 722 722 deo,
751 663 910 710 dicere
946 679 1106 710 secum
1140 660 1363 717 invicem,
1401 678 1546 723 seque
1584 665 1882 707 sacramento

220 761 317 791 non
340 744 392 790 in
417 743 573 790 scelus
598 741 795 804 aliquod
819 740 1139 802 obstringere,
1167 740 1248 787 sed
1273 756 1333 786 ne
1357 739 1504 799 furta,
1533 756 1592 786 ne
1612 737 1882 795 latrocinia,

219 840 278 870 ne
302 821 543 870 adulteria
579 819 949 878 committerent,
976 835 1036 865 ne
1073 818 1217 865 fidem
1252 818 1489 875 fallerent,
1515 834 1575 864 ne
1610 816 1885 879 depositum

220 900 456 964 appellati
480 900 773 961 abnegarent
798 913 807 945 :
847 898 1022 960 quibus
1050 897 1261 960 peractis
1285 913 1464 944 morem
1489 895 1581 943 sibi
1607 894 1885 943 discedendi

219 979 366 1027 fuisse
392 994 654 1040 rursusque
690 976 891 1024 coeundi
928 976 989 1022 ad
1026 976 1312 1037 capiendum
1342 976 1518 1034 cibum,
1559 974 1885 1037 promiscuum

219 1064 380 1107 tamen
406 1063 455 1105 et
479 1056 758 1114 innoxium3
797 1055 925 1118 quod
948 1054 1110 1117 ipsum
1134 1055 1288 1102 facere
1313 1054 1512 1101 desiisse
1540 1056 1650 1116 post
1675 1052 1885 1100 edictum

220 1154 392 1195 meum,
419 1153 512 1198 quo
538 1134 800 1182 secundum
835 1134 1064 1180 mandata
1099 1137 1186 1181 tua
1221 1133 1460 1180 hetaerias
1496 1149 1597 1179 esse
1621 1136 1884 1178 vetueram.

221 1216 326 1276 Quo
375 1213 530 1277 magis
578 1212 899 1260 necessarium
941 1211 1137 1271 credidi,
1178 1228 1238 1259 ex
1280 1212 1467 1259 duabus
1514 1209 1716 1268 ancillis,
1764 1225 1886 1271 quae

220 1293 473 1341 ministrae
499 1291 799 1349 dicebantur,
827 1290 946 1352 quid
972 1295 1096 1338 esset
1119 1290 1237 1348 veri,
1265 1295 1315 1338 et
1351 1307 1438 1353 per
1472 1293 1716 1336 tormenta
1741 1305 1884 1351 quae-

221 1389 341 1420 rere.
415 1371 511 1419 Sed
547 1369 671 1416 nihil
707 1369 839 1416 aliud
868 1368 1048 1429 inveni,
1078 1386 1225 1430 quam
1259 1369 1651 1432 superstitionem
1687 1384 1886 1429 pravam

221 1456 269 1500 et
294 1450 609 1508 immodicam,
637 1448 853 1511 ideoque,
880 1447 1033 1495 dilata
1058 1447 1348 1510 cognitione,
1375 1447 1438 1495 ad
1463 1445 1812 1494 consulendum
1835 1449 1885 1492 te

223 1529 427 1577 decurri.
520 1528 637 1575 Visa
683 1533 755 1575 est
803 1527 932 1574 enim
989 1526 1112 1573 mihi
1169 1543 1246 1574 res
1308 1526 1456 1589 digna
1515 1523 1883 1580 consultatione,

222 1608 429 1656 maxime
453 1611 654 1669 propter
673 1604 1060 1668 periclitantium
1084 1622 1355 1652 numerum.
1410 1604 1560 1651 Multi
1586 1603 1713 1650 enim
1733 1602 1886 1649 omnis

223 1686 411 1745 aetatis,
428 1685 580 1733 omnis
605 1684 802 1743 ordinis,
822 1685 1078 1746 utriusque
1098 1701 1239 1732 sexus
1260 1683 1419 1741 etiam,
1437 1689 1671 1731 vocantur
1690 1682 1741 1728 in
1759 1680 1887 1743 peri-

224 1766 399 1822 culum,
421 1769 469 1811 et
487 1764 803 1812 vocabuntur.
847 1763 1019 1825 Neque
1045 1763 1171 1810 enim
1189 1763 1414 1810 civitates
1431 1767 1635 1818 tantum,
1659 1761 1741 1808 sed
1755 1760 1887 1807 vicos

223 1844 370 1892 etiam
412 1849 555 1905 atque
598 1858 739 1904 agros
782 1841 1146 1904 superstitionis
1184 1841 1327 1889 istius
1366 1840 1591 1903 contagio
1624 1844 1888 1903 pervagata

224 1927 296 1970 est
317 1940 328 1981 3
367 1938 488 1984 quae
512 1921 709 1968 videtur
734 1919 841 1967 sisti
866 1925 914 1967 et
940 1919 1118 1981 corrigi
1142 1937 1293 1982 posse.
1366 1920 1507 1968 Certe
1542 1919 1659 1967 satis
1684 1921 1888 1975 constat,

224 2018 374 2064 prope
389 2002 490 2062 jam
505 1999 719 2046 desolata
738 1999 920 2061 templa
941 1998 1153 2060 coepisse
1169 1997 1403 2046 celebrari
1419 2003 1468 2045 et
1485 2014 1619 2046 sacra
1637 1997 1890 2044 sollemnia

225 2079 310 2126 diu
346 2077 626 2126 intermissa
661 2077 818 2140 repeti
837 2093 849 2136 ;
882 2077 1156 2139 passimque
1194 2077 1360 2125 venire
1401 2076 1640 2134 victimas,
1681 2092 1889 2138 quarum

225 2158 381 2205 adhuc
416 2156 691 2204 rarissimus
728 2160 917 2218 emptor
955 2155 1310 2203 inveniebatur.
1382 2155 1459 2202 Ex
1502 2172 1597 2218 quo
1639 2155 1779 2202 facile
1815 2159 1889 2201 est

225 2236 427 2299 opinari,
454 2251 576 2297 quae
606 2235 751 2282 turba
787 2233 1038 2281 hominum
1067 2234 1312 2281 emendari
1349 2234 1518 2296 possit,
1546 2234 1586 2280 si
1624 2233 1688 2281 sit
1723 2232 1889 2296 paeni-

227 2314 408 2362 tentiae
434 2314 582 2361 locus.

764 2381 1037 2438 'I'rajanus
1073 2383 1258 2429 Plinio
1295 2383 1347 2429 S.

296 2480 490 2539 Actum,
515 2496 660 2541 quem
685 2479 914 2538 debuisti,
940 2479 1007 2526 mi
1033 2479 1266 2537 Secunde,
1292 2479 1344 2525 in
1373 2478 1675 2526 excutiendis
1712 2477 1889 2526 caussis

228 2577 405 2618 eorum,
423 2559 507 2621 qui
529 2558 795 2606 Christiani
819 2558 880 2605 ad
903 2563 951 2605 te
977 2559 1128 2605 delati
1157 2559 1365 2617 fuerant,
1390 2562 1584 2605 secutus
1604 2574 1665 2604 es.
1711 2558 1889 2620 ¹Neque

228 2638 356 2685 enim
402 2637 455 2684 in
500 2636 782 2684 universum
838 2637 1039 2699 aliquid,
1088 2637 1218 2700 quod
1270 2636 1409 2699 quasi
1458 2640 1638 2683 certam
1685 2637 1889 2683 formam

228 2715 417 2774 habeat,
463 2715 696 2763 constitui
736 2719 908 2778 potest.
983 2715 1318 2777 Conquirendi
1354 2732 1451 2762 non
1489 2719 1634 2763 sunt:
1680 2714 1720 2761 si
1756 2714 1889 2761 defe-

229 2799 401 2840 rantur
437 2799 486 2841 et
523 2798 803 2856 arguantur,
831 2793 1065 2856 puniendi
1096 2797 1223 2851 sunt,
1249 2793 1320 2840 ita
1352 2798 1528 2851 tamen,
1554 2799 1610 2840 ut
1635 2793 1718 2855 qui
1743 2808 1889 2854 nega-

230 2872 358 2919 verit
383 2888 431 2918 se
459 2872 788 2918 Christianum
813 2888 927 2930 esse,
955 2872 1099 2934 idque
1133 2890 1184 2919 re
1219 2872 1324 2934 ipsa
1359 2872 1670 2919 manifestum
1705 2870 1888 2928 fecerit,

231 2950 281 2995 id
307 2954 392 3007 est,
420 2950 737 3011 supplicando
763 2949 857 2996 diis
883 2950 1074 3008 nostris,
1103 2950 1323 3012 quamvis
1354 2954 1603 3012 suspectus
1628 2949 1679 2995 in
1703 2953 1889 3011 praete-

231 3027 383 3075 ritum
409 3027 567 3085 fuerit,
592 3028 783 3075 veniam
815 3045 874 3074 ex
905 3028 1203 3090 paenitentia
1231 3027 1474 3090 impetret.
1547 3027 1661 3075 Sine
1694 3030 1890 3074 auctore

231 3121 345 3153 vero
385 3104 618 3166 propositi
657 3105 825 3164 libelli,
870 3106 1004 3152 nullo
1053 3105 1253 3153 crimine
1301 3106 1460 3152 locum
1492 3105 1665 3153 habere
1702 3104 1889 3151 debent.

234 3184 359 3231 Nam
385 3188 434 3230 et
460 3183 653 3245 pessimi
679 3184 898 3247 exempli,
925 3201 1011 3232 nec
1037 3183 1191 3231 nostri
1216 3184 1393 3231 saeculi
1418 3188 1505 3231 est.
