2154 3564
299 181 367 237 52
764 171 1094 224 Tertulliani
1128 170 1506 238 Apologetz'cus
1740 179 1858 231 [CAP.
1876 182 1970 222 XV.

297 315 481 363 fulmen
516 314 649 363 illius
686 320 773 375 est,
812 316 992 380 impius
1027 316 1080 363 in
1115 320 1352 379 nepotem,
1390 315 1585 364 invidus
1622 316 1675 363 in
1718 315 1968 365 artificem.

299 399 434 446 Haec
459 415 616 461 neque
641 414 754 446 vera
785 399 939 461 prodi,
967 415 1123 462 neque
1147 399 1267 446 falsa
1303 397 1514 460 confingi
1549 398 1678 461 apud
1712 399 1968 461 religiosis-

298 480 443 529 simos
469 481 737 544 oportebat.
809 481 913 528 Nec
938 481 1117 545 tragici
1141 481 1338 544 quidem
1362 484 1448 528 aut
1473 481 1641 528 comici
1668 485 1890 543 parcunt,
1914 489 1971 530 ut

297 580 395 610 non
419 580 673 610 aerumnas
697 562 772 611 vel
801 580 987 612 errores
1013 564 1183 611 domus
1208 563 1413 624 alicujus
1439 562 1517 610 dei
1541 564 1840 625 praefentur.

257 658 279 699 5
368 644 518 692 Taceo
536 645 594 692 de
617 645 929 709 philosophis,
948 645 1144 694 Socrate
1169 648 1438 701 contentus,
1460 645 1544 708 qui
1562 645 1615 691 in
1633 645 1971 694 contumeliam

298 726 496 774 deorum
521 744 754 790 quercum
778 732 828 775 et
863 728 1055 776 hircum
1087 732 1137 776 et
1170 745 1336 776 canem
1373 728 1633 789 dejerabat.
1707 727 1803 777 Sed
1829 745 1969 792 prop-

296 811 432 856 terea
468 810 728 858 damnatus
766 816 839 858 est
879 810 1115 870 Socrates,
1153 811 1269 874 quia
1304 810 1416 858 deos
1458 810 1754 858 destruebat.
1826 811 1971 859 Plane

297 890 428 949 olim,
450 890 502 938 id
526 896 601 940 est
625 909 826 955 semper,
843 893 1026 941 veritas
1052 893 1160 940 odio
1184 896 1269 940 est.
1334 893 1514 939 Tamen
1538 910 1648 939 cum
1672 892 1973 956 paenitentia

296 974 569 1022 sententiae
595 974 919 1024 Athenienses
954 980 1005 1023 et
1041 976 1371 1023 criminatores
1401 974 1611 1023 Socratis
1646 979 1812 1039 postea
1844 976 1970 1023 affix-

231 1077 281 1104 10
297 1055 441 1114 erint,
459 1060 509 1104 et
534 1057 797 1120 imaginem
823 1060 925 1119 ejus
950 1075 1146 1106 auream
1170 1057 1223 1104 in
1246 1057 1429 1120 templo
1454 1058 1747 1117 collocarint,
1769 1057 1972 1106 rescissa

298 1134 543 1182 damnatio
585 1136 921 1184 testimonium
966 1136 1156 1186 Socrati
1197 1137 1424 1184 reddidit.
1499 1135 1594 1185 Sed
1636 1142 1686 1185 et
1728 1137 1971 1200 Diogenes

297 1217 457 1265 nescio
494 1218 612 1280 quid
646 1218 699 1265 in
736 1220 998 1267 Herculem
1033 1219 1178 1279 ludit,
1206 1222 1255 1266 et
1290 1219 1535 1267 Romanus
1575 1219 1787 1281 Cynicus
1812 1221 1971 1270 Varro

297 1303 542 1348 trecentos
589 1300 621 1347 J
626 1317 752 1360 oves,
800 1301 905 1349 sive
950 1301 989 1350 J
990 1301 1206 1365 upiteres
1255 1301 1529 1361 dicendum,
1579 1301 1681 1350 sine
1729 1302 1971 1366 capitibus

297 1382 583 1430 introducit.

236 1597 252 1623 1
262 1597 282 1637 5
954 1594 1181 1643 CAPUT
1219 1595 1325 1642 XV.

372 1702 585 1750 CETERA
619 1703 845 1752 lasciviae
881 1704 1076 1769 ingenia
1114 1705 1260 1753 etiam
1296 1705 1638 1769 voluptatibus
1674 1708 1850 1757 vestris
1885 1726 1974 1771 per

359 1888 397 1927 4.
428 1877 723 1921 praefentur:
756 1882 765 1898 ‘
779 1878 913 1917 relate
934 1879 979 1918 in
999 1879 1113 1919 their
1126 1878 1372 1932 prologues.’

360 1947 395 1987 5.
428 1940 577 1977 Taceo
597 1941 654 1977 de
675 1942 983 1986 philosophis.
1041 1942 1128 1982 But
1147 1956 1215 1981 see
1233 1943 1383 1992 below,
1404 1941 1467 1983 ch.
1489 1943 1556 1993 46.

413 2002 465 2038 in
504 2003 836 2040 contumeliam
884 2006 1090 2043 deorum.
1160 2005 1376 2056 Implying
1412 2005 1508 2044 that
1545 2005 1664 2045 these
1704 2006 1898 2057 (quercus
1935 2011 1972 2046 et

304 2059 451 2100 hircus
470 2064 512 2099 et
531 2062 668 2112 canis)
689 2077 799 2102 were
826 2066 1014 2116 superior
1033 2070 1078 2105 to
1099 2066 1172 2106 the
1198 2067 1324 2118 gods;
1356 2080 1418 2118 cp.
1439 2067 1622 2118 August.
1642 2069 1691 2108 de
1709 2082 1805 2108 ‘vera
1824 2069 1901 2108 rel.
1924 2080 1943 2106 2
1963 2083 1973 2117 ;

304 2122 504 2161 Lactant.
525 2123 586 2162 iii.
613 2134 676 2162 20.

358 2183 396 2223 6.
430 2186 524 2223 Sed
551 2189 813 2231 propterea.
873 2188 937 2227 Sc.
957 2188 1119 2228 dicitis.
1178 2189 1415 2228 Tertullian
1444 2190 1694 2241 anticipates
1724 2191 1797 2230 the
1825 2192 1971 2245 reply:

304 2246 316 2266 ‘
332 2245 522 2285 Socrates
541 2260 627 2286 was
647 2248 905 2288 condemned
925 2249 989 2288 for
1008 2250 1104 2289 that
1124 2264 1227 2302 very
1245 2264 1405 2299 reason,
1427 2252 1602 2291 because
1622 2252 1675 2291 he
1696 2254 1973 2293 undermined

303 2307 377 2346 the
397 2307 615 2359 authority
634 2309 680 2347 of
694 2309 768 2348 the
787 2309 918 2361 gods.'
974 2311 1062 2350 The
1081 2312 1333 2351 indictment
1354 2314 1520 2364 against
1541 2313 1730 2354 Socrates
1750 2329 1827 2354 ran
1847 2316 1945 2355 thus
1963 2330 1971 2355 :

303 2367 458 2407 Ἀδικεῖ
479 2368 687 2420 Σωκράτης
707 2370 771 2410 οὓς
793 2370 867 2420 μὲν
886 2373 912 2422 ἡ
932 2372 1046 2412 πόλις
1069 2372 1217 2422 νομίζει
1247 2373 1356 2413 θεοὺς
1380 2375 1426 2413 οὐ
1455 2373 1635 2423 νομίζων,
1658 2375 1775 2425 ἕτερα
1795 2375 1837 2415 δὲ
1858 2377 1974 2416 καινὰ

305 2429 484 2479 δαιμόνια
511 2429 720 2482 εἰσφέρων·
749 2433 878 2471 ἀδικεῖ
901 2433 944 2473 δὲ
970 2433 1036 2473 καὶ
1056 2433 1148 2474 τοὺς
1174 2433 1284 2474 νέους
1313 2434 1559 2486 διαφθείρων,
1580 2438 1775 2489 Xenoph.
1796 2439 1923 2480 Mem.
1944 2440 1971 2479 i.

308 2503 325 2529 1
344 2506 353 2537 ;
389 2492 566 2543 Diogen.
588 2494 730 2534 Laert.
750 2494 793 2534 ii.
815 2508 883 2546 40.

360 2566 398 2606 9.
429 2558 754 2595 criminatores
793 2559 1001 2597 Socratis
1034 2562 1201 2604 postea
1235 2561 1482 2598 affixerint.
1557 2561 1730 2614 Anytus
1761 2562 1827 2601 his
1866 2561 1980 2601 chief

305 2629 472 2656 accuser
501 2630 587 2658 was
617 2618 834 2668 banished,
869 2620 953 2659 and
990 2620 1171 2659 Melitus
1203 2622 1351 2660 stoned
1386 2625 1429 2660 to
1462 2622 1601 2663 death.
1677 2625 1800 2677 Diog.
1831 2625 1975 2665 Laert.

305 2691 349 2715 11.
376 2689 442 2728 43.

367 2750 427 2779 10.
457 2741 710 2785 imaginem
739 2754 940 2782 auream.
1001 2743 1154 2795 Query,
1185 2757 1350 2784 aeream
1366 2762 1381 2790 ,·
1422 2745 1496 2784 the
1527 2750 1663 2787 statue
1692 2761 1777 2787 was
1807 2748 1972 2796 bronze,

306 2800 427 2852 Diog.
447 2801 586 2840 Laert.
609 2802 636 2842 Z.
661 2817 693 2842 e.
717 2803 906 2855 Σωκράτη
929 2803 970 2842 δὲ
992 2807 1153 2855 χαλκῆς
1173 2805 1321 2845 εἷκόνος
1342 2806 1599 2856 ἐτιμήσαντο.

365 2872 427 2900 11.
465 2865 793 2904 testimonium
835 2869 1017 2905 Socrati
1055 2870 1265 2906 reddidit
1283 2882 1290 2907 :
1344 2870 1555 2908 ‘restored
1601 2870 1675 2909 the
1712 2870 1894 2922 validity
1932 2869 1978 2908 of

307 2921 507 2961 Socrates’
535 2925 787 2978 testimony.’
846 2928 989 2967 Oontr.
1012 2928 1085 2967 the
1112 2943 1185 2969 use
1215 2930 1260 2968 of
1282 2930 1567 2972 testimonium
1591 2932 1798 2980 reddidit,
1819 2925 1883 2969 ch.
1904 2930 1970 2980 46,

307 2983 447 3023 where
467 2985 502 3023 it
522 2986 704 3036 signifies
726 2994 735 3008 ⁴
751 2990 850 3028 bore
870 2989 1127 3042 testimony.'

367 3043 429 3083 16.
448 3047 668 3086 lasciviae
685 3051 899 3095 ingenia:
923 3054 933 3071 ‘
945 3052 1199 3102 ingenuities
1215 3053 1261 3091 of
1274 3056 1442 3092 wanton
1458 3053 1647 3104 pleasure
1660 3051 1669 3068 ’
1685 3066 1694 3100 3
1719 3052 1783 3090 for
1797 3052 1883 3092 this
1900 3065 1973 3091 use

310 3105 355 3145 of
369 3104 544 3155 ingenia
566 3108 629 3157 (=
655 3113 664 3129 ‘
677 3109 817 3162 happy
836 3111 1103 3158 inventions,’
1126 3119 1134 3135 ⁶
1149 3114 1287 3153 elever
1306 3114 1509 3165 thoughts
1524 3112 1534 3130 ⁷
1538 3115 1552 3163 )
1576 3127 1643 3152 see
1663 3113 1809 3162 below,
1826 3113 1890 3152 ch.
1903 3125 1970 3163 49,

311 3167 522 3219 ‘insignia
550 3168 766 3220 ingenia';
799 3173 849 3211 de
879 3173 982 3215 cult.
999 3175 1106 3225 fem.
1135 3176 1163 3216 i.
1192 3187 1229 3224 2,
1262 3176 1375 3214 ‘sine
1409 3175 1590 3226 ingeniis
1619 3173 1825 3225 decoris’3
1860 3174 1970 3214 Plin.
