2154 3564
309 181 378 233 90
776 165 1107 218 Tertulliani
1139 163 1513 231 Apologetz'cus
1677 171 1795 223 [CAP.
1819 171 1972 211 XXIV.

306 327 392 357 nos
426 309 772 373 mancipamur,
812 308 932 357 satis
980 307 1157 356 idonea
1204 311 1278 355 est
1316 307 1379 355 ad
1414 306 1752 369 depellendum
1791 304 1974 352 crimen

305 391 461 440 laesae
506 391 713 439 maxime
763 391 1015 439 Romanae
1066 389 1332 453 religionis.
1422 388 1475 436 Si
1528 387 1658 435 enim
1707 405 1806 434 non
1858 391 1975 435 sunt

306 474 376 521 dii
410 491 498 537 pro
535 478 679 531 certo,
709 490 796 520 nec
833 472 1004 536 religio
1040 489 1129 535 pro
1166 475 1298 519 certo
1334 476 1434 530 est3
1474 470 1515 518 si
1551 471 1723 533 religio
1756 487 1852 516 non
1886 472 1974 528 est,

307 556 420 618 quia
448 573 535 602 nec
571 555 640 602 dii
673 572 760 617 pro
794 558 941 614 certo,
974 571 1062 602 nec
1097 570 1184 601 nos
1221 571 1310 616 pro
1344 557 1477 601 certo
1514 553 1585 599 rei
1617 569 1783 600 sumus
1819 552 1976 599 laesae

267 650 288 689 5
306 637 566 700 religionis.
647 636 723 684 At
746 653 771 684 e
797 636 1041 685 contrario
1065 636 1117 683 in
1140 653 1226 684 vos
1250 635 1562 698 exprobratio
1587 633 1859 692 resultabit,
1886 632 1973 696 qui

306 721 612 767 mendacium
648 720 872 778 colentes,
910 736 1075 767 Veram
1115 718 1399 782 religionem
1435 719 1539 766 veri
1572 718 1666 765 Dei
1701 734 1797 764 non
1833 716 1977 763 modo

307 802 608 865 negligendo,
636 802 755 865 quin
789 801 990 866 insuper
1020 801 1359 865 expugnando,
1385 800 1435 847 in
1466 817 1637 847 verum
1673 798 1977 847 committitis

308 885 491 932 crimen
514 901 655 932 verae
691 883 1085 946 irreligiositatis.
1159 884 1322 942 Nunc,
1360 887 1418 930 ut
1448 886 1689 931 constaret
1723 881 1833 928 illos
1863 881 1977 928 deos

307 983 422 1025 esse,
449 984 607 1014 nonne
633 966 894 1014 conceditis
919 968 977 1014 de
1007 965 1342 1014 aestimatione
1368 964 1610 1012 communi
1643 964 1853 1026 aliquem
1877 979 1978 1011 esse

244 1069 292 1096 10
310 1050 641 1099 sublimiorem
660 1054 708 1098 et
732 1049 1056 1113 potentiorem
1071 1050 1206 1097 velut
1229 1049 1500 1112 principem
1524 1047 1708 1106 mundi,
1736 1047 1978 1110 perfectae

307 1133 556 1196 potentiae
603 1136 653 1180 et
699 1132 999 1195 majestatis‘l
1069 1133 1201 1180 Nam
1242 1136 1291 1179 et
1333 1131 1399 1179 sic
1447 1130 1669 1194 plerique
1711 1129 1981 1193 disponunt

309 1215 632 1273 divinitatem,
671 1219 729 1262 ut
764 1214 1024 1278 imperium
1061 1231 1275 1263 summae
1312 1213 1658 1261 dominationis
1696 1229 1795 1260 esse
1833 1227 1979 1274 penes

308 1315 473 1355 unum,
518 1296 671 1344 officia
720 1298 822 1358 ejus
871 1313 1016 1359 penes
1062 1296 1245 1345 multos
1287 1296 1443 1344 velint
1460 1312 1472 1354 ;
1528 1300 1585 1343 ut
1626 1295 1765 1341 Plato
1807 1294 1838 1340 J
1843 1310 1979 1341 ovem

308 1397 536 1442 magnum
560 1379 612 1425 in
632 1379 761 1426 caelo
781 1379 1064 1426 comitatum
1086 1379 1304 1426 exercitu
1323 1377 1553 1426 describit
1572 1377 1771 1424 deorum
1794 1375 1980 1439 pariter

245 1478 292 1519 15
311 1467 360 1509 et
384 1462 682 1510 daemonum.
755 1462 929 1524 Itaque
955 1466 1177 1525 oportere
1203 1465 1252 1509 et
1281 1464 1596 1524 procurantes
1627 1464 1676 1507 et
1712 1458 1982 1523 praefectos

312 1550 360 1592 et
383 1544 626 1607 praesides
650 1544 837 1606 pariter
862 1543 1057 1607 suspici.
1110 1544 1180 1592 Et
1199 1548 1362 1591 tamen
1388 1543 1517 1606 quod
1540 1542 1727 1590 facinus
1746 1540 1980 1599 admittit,

311 1627 398 1690 qui
438 1626 592 1689 magis
630 1627 691 1674 ad
731 1626 987 1675 Caesarem
1024 1626 1397 1690 promerendum
1434 1630 1482 1672 et
1524 1642 1720 1688 operam
1759 1629 1809 1672 et
1847 1640 1983 1686 spem

311 1726 444 1756 suam
467 1709 714 1766 transfert,
740 1726 827 1756 nec
864 1709 1240 1771 appellationem
1273 1708 1351 1755 dei
1388 1707 1458 1754 ita
1493 1711 1551 1753 ut
1586 1706 1895 1769 imperatoris
1929 1705 1982 1751 in

301 1790 406 1838 *alio
444 1807 588 1853 quam
624 1790 846 1854 principe
887 1790 1161 1849 confitetur,
1199 1807 1310 1838 cum
1352 1789 1559 1852 capitale
1595 1805 1694 1836 esse
1731 1787 1984 1850 judicetur

247 1891 298 1917 20
314 1873 464 1921 alium
499 1877 691 1935 praeter
727 1873 981 1921 Caesarem
1016 1877 1066 1920 et
1105 1872 1265 1920 dicere
1308 1877 1356 1919 et
1396 1871 1598 1919 audireZ
1671 1870 1815 1918 Colat
1857 1870 1983 1918 alius

314 1956 488 2013 Deum,
515 1954 637 2002 alius
661 1954 692 2001 J
697 1971 847 2013 ovem,
874 1955 998 2003 alius
1029 1954 1092 2002 ad
1116 1954 1301 2015 caelum
1328 1953 1568 2015 supplices
1597 1970 1769 2000 manus
1793 1952 1979 2010 tendat,

315 2037 437 2084 alius
478 2037 540 2084 ad
577 2053 713 2084 aram
753 2036 906 2097 Fidei,
942 2036 1083 2096 alim,
1121 2036 1162 2085 si
1202 2036 1293 2083 hoc
1331 2034 1531 2098 putatis,
1570 2035 1723 2083 nubes
1762 2037 1984 2082 numeret

375 2152 410 2180 1.
442 2141 559 2178 satis
587 2141 759 2178 idonea
795 2143 893 2178 est:
940 2139 999 2178 ‘is
1028 2139 1145 2190 quite
1174 2138 1383 2178 sufficient
1415 2141 1459 2176 to
1492 2137 1629 2176 refute
1661 2137 1735 2176 the
1763 2137 1913 2188 charge
1943 2136 1989 2175 of

319 2201 462 2242 attack
481 2213 592 2251 upon
611 2201 799 2252 religion,
825 2200 909 2240 and
930 2201 1154 2252 especially
1173 2201 1246 2240 the
1266 2200 1432 2239 Roman
1450 2199 1656 2250 religion.'

429 2266 490 2302 ad.
523 2265 867 2308 depellendum.
939 2263 1162 2313 Depellere
1197 2263 1232 2301 is
1266 2276 1291 2301 a
1323 2261 1533 2301 technical
1565 2261 1754 2312 military
1782 2263 1891 2298 term
1923 2260 1986 2299 for

321 2330 330 2347 ‘
347 2326 583 2376 dislodging
602 2338 657 2364 an
676 2339 824 2377 enemy
845 2326 950 2364 from
971 2325 1038 2364 his
1057 2322 1262 2376 position'
1279 2337 1288 2372 ;
1318 2337 1450 2375 comp.
1471 2324 1535 2362 ch.
1554 2335 1590 2375 9,
1614 2335 1678 2373 24,
1702 2331 1765 2373 37.

431 2390 610 2427 crimen
627 2389 781 2426 laesae
801 2417 810 2426 .
834 2415 843 2425 .
866 2417 875 2426 .
896 2389 1157 2433 religionis.
1197 2386 1297 2425 This
1317 2399 1500 2425 answers
1521 2389 1564 2424 to
1584 2385 1656 2423 the
1676 2386 1739 2423 rei
1758 2385 1984 2436 saerileqii,

321 2451 385 2491 ch.
411 2462 474 2498 10,
496 2462 563 2487 see
582 2459 704 2497 note3
735 2449 819 2488 and
840 2451 998 2489 crimen
1025 2450 1163 2488 laesae
1188 2447 1442 2496 divinitatis,
1463 2447 1547 2485 and
1575 2446 1750 2497 eloyium
1775 2447 1987 2498 irreligio-

321 2513 466 2552 sitatis
479 2511 638 2551 below:
660 2514 863 2551 maxime
884 2512 1094 2551 embraces
1113 2510 1215 2550 both
1234 2510 1308 2548 the
1327 2510 1497 2561 general
1518 2508 1669 2560 charge
1690 2508 1736 2547 of
1753 2510 1764 2529 ‘
1777 2506 1986 2556 atheism,'

321 2575 406 2613 and
427 2573 500 2612 the
520 2574 672 2624 special
692 2574 856 2625 neglect
876 2573 922 2612 of
936 2574 1009 2613 the
1028 2574 1192 2612 Roman
1210 2572 1326 2623 gods.

379 2645 415 2688 7.
446 2638 498 2674 in
514 2648 678 2674 verum
699 2638 996 2674 committitis
1016 2650 1024 2674 :
1046 2637 1057 2656 ‘
1072 2636 1240 2686 against
1266 2634 1340 2672 the
1355 2633 1465 2672 True
1484 2633 1587 2672 One.
1650 2632 1709 2671 Or
1732 2643 1872 2670 verum
1890 2643 1989 2683 may

322 2697 374 2736 be
404 2698 648 2748 equivalent
677 2700 722 2736 to
746 2698 992 2736 veritatem:
1025 2697 1215 2747 ‘against
1237 2696 1311 2735 the
1338 2694 1458 2734 truth
1477 2708 1559 2746 you
1580 2695 1750 2732 commit
1768 2694 1841 2731 the
1861 2693 1988 2731 crime

325 2759 370 2798 of
384 2761 470 2798 real
492 2756 714 2810 sacrilege.’
766 2759 822 2797 In
842 2758 978 2797 Deum
999 2759 1083 2797 and
1102 2759 1149 2799 in
1168 2771 1262 2797 vero
1281 2771 1352 2796 are
1371 2770 1456 2796 var.
1481 2756 1572 2795 leet.

380 2821 418 2860 8.
446 2827 500 2860 ut
528 2825 762 2861 constaret
790 2823 899 2860 illos
930 2824 1042 2860 deos
1072 2833 1202 2860 esse:
1232 2822 1363 2859 ‘even
1390 2817 1593 2869 although
1620 2818 1656 2856 it
1674 2830 1783 2856 were
1810 2815 1988 2868 granted

324 2882 420 2922 that
439 2884 540 2935 they
559 2897 660 2922 were
679 2881 808 2934 gods.'

385 2956 445 2994 13.
475 2950 529 2984 ut
557 2947 693 2983 Plato
721 2948 752 2984 J
755 2956 904 2983 ovem.
958 2943 1138 2984 Phaedr.
1153 2942 1218 2995 56,
1233 2943 1253 2981 ὁ
1274 2941 1349 2992 μὲν
1373 2941 1420 2992 δὴ
1443 2940 1570 2992 μέγας
1591 2939 1754 2991 ἡγεμὼν
1774 2939 1817 2978 ἐν
1836 2939 1987 2988 οὐρανῷ

325 3004 418 3044 Ζεὺς
438 3005 614 3044 ἐλαύνων
628 3004 781 3056 πτηνὸν
793 3004 897 3056 ἅρμα
915 3005 1065 3057 πρῶτος
1084 3004 1290 3056 πορεύεται
1312 3004 1537 3053 διακοσμῶν
1552 3002 1681 3042 πάντα
1698 3001 1763 3041 καὶ
1782 2999 1988 3050 ἐπιμελού-

326 3079 455 3117 μενος·
485 3068 542 3117 τῷ
565 3064 595 3104 δ’
619 3066 753 3106 ἕπεται
776 3065 946 3117 στρατιὰ
965 3067 1063 3105 θεῶν
1083 3080 1128 3105 τε
1149 3065 1213 3105 καὶ
1233 3065 1444 3115 δαιμόνων.

387 3127 449 3169 16.
480 3131 655 3174 suspici
673 3143 682 3167 ε
713 3131 723 3150 ‘
738 3129 887 3167 looked
905 3142 961 3180 up
981 3133 1025 3168 to
1039 3127 1074 3177 '3
1105 3141 1171 3168 see
1190 3133 1301 3172 note,
1323 3128 1386 3167 ch.
1407 3128 1469 3167 18.

385 3206 404 3233 2
414 3205 446 3233 2.
478 3196 519 3232 si
538 3196 626 3233 hoc
645 3195 839 3243 putatis,
854 3194 883 3231 i.
895 3206 926 3233 e.
945 3194 980 3232 if
991 3207 1072 3246 you
1088 3206 1132 3232 so
1146 3191 1488 3231 misunderstand
1501 3190 1574 3230 the
1588 3192 1757 3242 posture
1772 3187 1818 3228 of
1828 3200 1906 3227 one
1919 3199 1988 3226 en-

1591 2629 1602 2648 2
