2154 3564
186 220 282 257 CAP.
301 213 392 266 V1.]
505 205 763 258 adversus
805 204 997 257 Gentes
1025 214 1126 271 pro
1170 203 1513 257 Christiani&
1775 215 1840 271 25

185 348 389 396 felicitas
421 346 841 395 matrimoniorum
875 347 933 394 de
968 345 1183 393 moribus
1219 345 1390 407 utique
1425 349 1721 408 prosperata,
1750 363 1846 407 qua

184 446 272 493 per
305 447 456 478 annos
484 430 632 477 ferme
669 432 920 478 sexcentos
944 429 1003 476 ab
1028 428 1163 477 Urbe
1188 427 1384 475 condita
1419 427 1555 474 nulla
1590 428 1847 490 repudium

185 512 354 559 domus
390 511 617 574 scripsit‘ss
687 511 756 559 At
780 528 906 558 nunc
930 509 982 557 in
1005 509 1198 557 feminis
1222 526 1337 572 prae
1369 526 1487 556 auro
1523 509 1709 556 nullum
1744 509 1849 556 leve

187 597 260 641 est
295 594 592 652 membrum3
631 610 745 655 prae
769 592 880 641 vino
915 591 1105 638 nullum
1140 591 1349 639 liberum
1385 594 1459 638 est
1488 590 1733 638 osculum:
1774 607 1848 638 re-

185 674 388 738 pudium
412 692 524 722 vero
543 677 646 736 jam
671 679 719 722 et
746 679 916 723 votum
941 677 1026 730 est,
1054 672 1190 736 quasi
1214 671 1514 720 matrimonii
1537 672 1738 719 fructus.
1864 694 1885 733 5

253 757 421 804 Etiam
446 758 575 804 circa
607 756 738 819 ipsos
764 756 875 803 deos
898 759 1084 803 vestros
1109 772 1230 817 quae
1264 757 1514 818 prospecte
1539 753 1849 801 decreverant

185 844 347 901 patres
371 839 534 897 vestri,
561 839 709 886 iidem
733 855 816 885 vos
841 836 1259 900 obsequentissimi
1281 835 1559 884 rescidistis.
1617 835 1849 883 Liberum

185 927 373 983 patrem
398 938 509 968 cum
537 919 780 982 mysteriis
809 917 908 967 suis
942 918 1157 967 consules
1193 922 1387 966 senatus
1422 916 1715 965 auctoritate
1751 934 1850 964 non

187 1003 329 1050 modo
364 1003 514 1061 Urbe,
540 1003 624 1051 sed
647 1001 875 1049 universa
899 1000 1046 1049 Italia
1066 1000 1450 1048 eliminaverant.
1505 998 1784 1061 Serapidem
1802 1004 1851 1046 et

187 1085 368 1132 Isidem
414 1087 462 1132 et
510 1085 863 1146 Harpocratem
909 1099 1018 1130 cum
1072 1099 1157 1130 suo
1207 1080 1557 1144 Cynocephalo,
1608 1080 1850 1143 Capitolio
1869 1101 1917 1128 10

187 1167 456 1229 prohibitos
508 1163 739 1232 [inferri]‚
784 1165 837 1212 id
885 1168 959 1213 est
1006 1163 1142 1212 curia
1189 1164 1387 1211 deorum
1428 1163 1607 1225 pulsos,
1650 1162 1760 1211 Piso
1801 1167 1850 1210 et

189 1248 424 1296 Gabinius
449 1248 679 1306 consules,
706 1265 802 1294 non
835 1246 1006 1309 utique
1043 1245 1326 1304 Christiani,
1357 1244 1535 1293 eversis
1571 1245 1718 1292 etiam
1754 1245 1851 1292 aris

186 1348 355 1378 eorum
395 1331 754 1388 abdicaverant,
795 1329 1016 1392 turpium
1057 1333 1107 1376 et
1148 1327 1414 1375 otiosarum
1452 1326 1852 1389 superstitionum

246 1501 280 1529 2.
311 1501 394 1535 per
428 1501 576 1528 annos
606 1490 750 1528 ferme
784 1491 1026 1527 sexcentos
1060 1496 1184 1527 A.U.O.
1260 1485 1355 1525 Val.
1387 1484 1503 1523 Max.
1533 1483 1576 1523 ii.
1611 1494 1647 1522 1.
1675 1494 1714 1534 4,
1748 1484 1851 1522 ‘Re-

188 1552 364 1602 pudium
387 1581 395 1590 .
418 1582 427 1591 .
451 1581 460 1590 .
482 1564 507 1589 a
536 1550 704 1589 condita
729 1548 848 1588 Urbe
876 1562 1008 1600 usque
1036 1548 1091 1587 ad
1119 1547 1368 1598 vigesimum
1398 1550 1441 1585 et
1469 1545 1851 1596 quingentesimum

188 1626 346 1652 annum
365 1612 531 1651 nullum
548 1612 794 1650 intercessit.
852 1610 1020 1649 Primus
1044 1613 1186 1649 autem
1212 1609 1280 1660 Sp.
1305 1607 1515 1647 Carvilius
1541 1619 1712 1646 uxorem
1731 1607 1851 1645 steri-

187 1674 323 1714 litatis
342 1686 487 1713 caussa
507 1671 694 1712 dimisit!
1127 1670 1128 1673 ’

245 1748 285 1787 4.
316 1737 568 1781 repudium
588 1746 699 1773 vero
717 1735 814 1780 jam
833 1737 998 1773 votum
1019 1736 1113 1771 est:
1147 1732 1158 1752 ‘
1173 1731 1339 1770 divorce
1362 1730 1399 1769 is
1424 1743 1519 1769 now
1537 1729 1611 1769 the
1630 1730 1790 1780 subject
1811 1730 1856 1767 of

189 1811 352 1849 prayer,
374 1811 418 1836 as
440 1797 477 1835 if
491 1797 527 1835 it
548 1795 654 1848 (and
672 1800 747 1834 not
766 1795 971 1845 children)
995 1806 1106 1833 were
1134 1793 1207 1831 the
1232 1792 1402 1831 natural
1428 1791 1532 1830 fruit
1553 1791 1597 1830 of
1615 1789 1850 1842 marriage.’

191 1859 267 1898 See
285 1856 607 1897 Wordsworth's
633 1857 797 1896 Ckurch
817 1857 936 1896 Hist.
958 1856 985 1895 1.
1008 1855 1098 1905 328,
1126 1857 1136 1874 ‘
1151 1854 1238 1893 The
1266 1857 1375 1892 most
1402 1852 1639 1892 celebrated
1666 1852 1851 1891 Romans

190 1924 267 1972 put
286 1934 405 1973 away
424 1920 535 1959 their
554 1920 682 1959 wives
695 1919 759 1957 for
769 1918 969 1957 frivolous
990 1929 1133 1957 causes
1145 1913 1156 1931 '
1171 1929 1181 1964 ;
1211 1918 1286 1956 ete.
1346 1915 1487 1965 Comp.
1505 1915 1610 1952 Hor.
1638 1914 1775 1952 Oarm.
1791 1913 1849 1952 iii.

191 1981 229 2022 6.
256 1990 304 2033 17
328 1982 371 2021 ff.
385 1995 396 2031 ;
426 1983 455 2022 J
460 1995 584 2021 uven.
608 1982 701 2021 Sat.
723 1980 779 2021 vi.
805 1991 855 2020 20
869 1993 880 2028 3
911 1979 1088 2018 Martial
1107 1978 1256 2030 Epiyr.
1277 1977 1334 2017 vi.
1359 1986 1407 2028 73
1442 1976 1598 2015 Seneca
1615 1976 1666 2014 de
1685 1975 1852 2027 benefic,

189 2044 247 2084 iii.
277 2043 339 2082 16.

249 2114 284 2157 7.
317 2107 543 2144 Liberum
565 2107 760 2151 patrem.
816 2103 958 2154 Oomp.
979 2101 1091 2153 Livy
1109 2100 1247 2140 xxxix,
1270 2101 1320 2148 83
1351 2099 1448 2138 Val.
1472 2098 1588 2138 Max.
1607 2097 1634 2138 i.
1659 2109 1707 2148 33
1736 2098 1851 2136 Tert.

191 2168 247 2206 ad
265 2167 366 2207 Nat.
388 2167 416 2206 i.
441 2178 502 2205 10.
734 2200 743 2206 .

247 2241 284 2280 9.
316 2231 692 2268 eliminaverant.
750 2227 794 2265 A
812 2225 927 2265 word
946 2223 1136 2264 confined
1154 2227 1199 2262 to
1219 2222 1337 2274 early
1354 2221 1438 2261 and
1455 2221 1543 2260 late
1563 2220 1757 2260 authors:
1786 2220 1851 2259 lit.

195 2293 262 2330 ‘to
289 2294 390 2329 turn
419 2294 493 2329 out
522 2290 567 2329 of
591 2286 732 2328 doors’
750 2301 760 2336 ;
788 2288 902 2337 here,
924 2289 992 2326 ‘to
1010 2283 1188 2334 banish,’
1208 2298 1253 2323 as
1282 2285 1327 2323 in
1353 2284 1495 2323 Sidon.
1515 2283 1640 2334 Apol.
1660 2283 1769 2333 Epp.
1795 2283 1851 2320 iv.

195 2366 269 2395 10:
300 2366 430 2405 comp.
452 2352 626 2399 Quintil.
649 2352 759 2389 Inst.
782 2352 887 2390 orat.
909 2349 969 2388 iii.
991 2359 1055 2398 31.

307 2416 582 2460 Serapidem
602 2417 650 2451 et
670 2414 862 2450 Isidem.
932 2410 1022 2449 The
1051 2408 1234 2459 worship
1255 2406 1426 2459 (chiefly
1444 2404 1640 2458 popular)
1667 2404 1712 2443 of
1734 2404 1852 2444 these

194 2477 343 2516 deities
370 2489 455 2515 was
485 2475 709 2514 forbidden
737 2475 793 2525 by
813 2473 1033 2524 Augustus
1063 2471 1215 2510 within
1243 2470 1317 2508 the
1344 2469 1549 2520 precincts
1579 2467 1624 2506 of
1648 2466 1722 2505 the
1749 2467 1851 2516 city,

195 2539 307 2577 Dion
326 2538 439 2576 Cass.
466 2537 524 2576 xl.
551 2544 603 2587 47
623 2549 634 2584 ;
662 2536 781 2574 xlvii.
808 2545 854 2585 15
875 2548 883 2581 ;
914 2534 959 2573 li.
983 2531 1060 2580 16;
1089 2532 1166 2570 liii.
1189 2543 1209 2569 2
1229 2543 1240 2579 3
1268 2531 1343 2569 liv.
1367 2528 1416 2576 63
1447 2542 1576 2579 comp.
1599 2527 1671 2566 the
1693 2527 1854 2565 similar

194 2600 333 2638 action
353 2599 399 2637 of
412 2599 618 2646 Tiberius,
639 2597 809 2636 Sueton.
833 2595 922 2635 Tib.
947 2594 1021 2644 363
1050 2594 1183 2632 Tacit.
1207 2592 1324 2631 Ann.
1346 2590 1389 2629 11.
1413 2590 1460 2640 85
1479 2603 1489 2637 ;
1519 2589 1603 2628 and
1621 2588 1694 2627 the
1711 2589 1854 2627 decree

195 2661 240 2700 of
255 2661 328 2699 the
348 2663 492 2699 senate
511 2660 557 2697 in
580 2655 795 2697 Claudius’
816 2657 949 2707 reign,
979 2655 1112 2694 Tacit.
1131 2656 1244 2693 Ann.
1265 2653 1323 2692 xi.
1349 2662 1411 2702 15.
1467 2651 1557 2689 Yet
1582 2651 1640 2702 by
1667 2650 1741 2689 the
1771 2650 1853 2688 end

196 2722 241 2762 of
263 2722 338 2761 the
367 2721 517 2760 second
550 2723 726 2771 century
753 2718 872 2757 these
902 2717 1064 2767 foreign
1096 2716 1205 2755 cults
1233 2727 1343 2753 were
1374 2712 1595 2761 admitted,
1631 2712 1716 2750 and
1747 2724 1854 2750 even

197 2783 379 2835 adopted
408 2783 465 2834 by
493 2781 567 2820 the
598 2793 834 2831 emperors3
865 2779 960 2818 Ael.
988 2777 1201 2829 Lamprid.
1234 2776 1439 2815 Commod.
1470 2787 1511 2825 9,
1542 2776 1553 2795 ‘
1571 2773 1697 2812 Sacra
1728 2773 1856 2811 Isidis

193 2846 325 2884 coluit
345 2848 393 2883 ut
414 2847 456 2882 et
474 2846 601 2894 caput
619 2842 785 2880 raderet
805 2845 846 2880 et
864 2840 1043 2878 Anubin
1060 2835 1273 2890 portaret.’
1332 2837 1539 2888 Spartian.
1555 2834 1790 2875 Caracalla
1812 2847 1852 2886 9,

195 2909 206 2928 ‘
223 2906 349 2945 Sacra
378 2905 504 2943 Isidis
533 2904 713 2942 Romam
742 2901 981 2953 deportavit
1016 2905 1058 2939 et
1091 2899 1250 2950 templa
1281 2898 1436 2950 ubique
1467 2896 1688 2948 magnifice
1718 2895 1854 2934 eidem

195 2969 297 3008 deae
315 2965 443 3016 fecit,‘
466 2969 541 3006 etc.
598 2966 739 3016 Gomp.
762 2964 910 3012 below,
930 2963 995 3001 ch.
1018 2973 1084 3012 24,
1106 2960 1354 3011 ‘Aegyptiis
1372 2959 1572 3012 permissa
1592 2955 1679 3007 est,’
1705 2960 1784 2997 etc.

253 3041 316 3068 10.
346 3031 696 3074 Harpocratem.
753 3026 841 3064 The
860 3024 1074 3076 Egyptian
1092 3023 1173 3074 god
1193 3022 1238 3061 of
1253 3022 1416 3060 silence.

305 3103 412 3130 cum
433 3101 517 3128 suo
547 3090 886 3134 Cynocephalo.
944 3085 1125 3134 Anubis,
1147 3098 1171 3122 a
1191 3082 1454 3135 dog-headed
1471 3081 1684 3133 Egyptian
1711 3080 1851 3130 deity3

195 3166 325 3203 comp.
347 3153 475 3202 Verg.
495 3152 603 3190 Aen.
624 3150 712 3190 viii.
734 3148 826 3200 698,
847 3149 1051 3186 ‘latrator
1068 3143 1259 3186 Anubis'
1270 3158 1282 3194 3
1313 3144 1434 3185 Ovid.
1454 3144 1544 3182 Am.
1565 3143 1608 3183 ii.
1634 3153 1650 3180 Ι
1659 3153 1695 3191 3.
1721 3152 1782 3179 11.

253 3225 313 3263 13.
346 3216 692 3254 abdicaverant.
751 3211 827 3250 See
845 3213 955 3258 note,
978 3208 1044 3248 ch.
1066 3219 1104 3258 3.
