2154 3564
202 224 296 261 CAP.
316 216 387 270 X.]
529 208 788 260 adversus
831 207 1023 259 Gentes
1047 215 1151 273 pro
1197 204 1538 258 Christianis.
1793 221 1858 267 41

200 351 429 408 fideliora,
469 367 614 413 quam
648 351 777 413 apud
812 350 966 412 ipsam
1003 348 1216 405 Italiam,
1253 347 1306 394 in
1343 365 1438 410 qua
1475 347 1716 395 Saturnus
1753 352 1864 409 post

201 434 378 480 multas
403 432 734 494 expeditiones
750 436 955 494 postque
971 429 1138 477 Attica
1157 429 1370 491 hospitia
1387 429 1614 489 consedit,
1635 433 1864 491 exceptus

200 533 229 563 a
263 515 404 572 Jano,
442 514 520 561 vel
555 514 586 560 J
591 531 691 573 ane,
718 518 776 561 ut
812 513 933 561 Salii
956 512 1140 560 volunt.
1212 511 1368 568 Mons,
1407 528 1548 574 quem
1583 511 1862 567 incoluerat,

202 595 464 645 Saturnius
489 596 651 643 dictus
672 612 683 654 3
722 595 909 652 civitas,
936 611 1081 655 quam
1107 593 1431 655 depalaverat,
1460 592 1689 641 Saturnia
1712 609 1864 654 usque

200 696 327 726 nunc
352 685 454 737 est3
492 682 599 725 tota
624 677 830 738 denique
855 675 1016 732 Italia,
1041 679 1152 738 post
1181 674 1479 732 Oenotriam,
1499 673 1729 722 Saturnia
1754 690 1864 735 cog·
1881 684 1903 724 5

200 761 555 807 nominabatur.
625 759 705 806 Ab
729 759 834 822 ipso
858 757 1068 820 primum
1102 756 1297 803 tabulae
1321 760 1371 802 et
1394 755 1609 818 imagine
1646 755 1866 817 signatus

200 859 436 900 nummus,
459 848 508 889 et
526 842 638 888 inde
665 840 848 888 aerario
873 839 1131 902 praesidet.
1188 838 1367 884 Tamen
1388 838 1428 884 si
1442 837 1584 885 homo
1605 836 1864 892 Saturnus,

200 924 368 986 utique
401 941 460 971 ex
491 923 698 981 homine,
725 927 774 969 et
798 921 913 984 quia
947 921 1007 968 ab
1031 919 1223 967 homine
1248 936 1345 966 non
1376 920 1548 981 utique
1574 919 1632 966 de
1662 919 1790 965 caelo
1816 922 1866 965 et

200 1012 344 1054 terra.
440 1005 535 1053 Sed
571 1007 707 1066 cujus
742 1008 967 1066 parentes
1004 1001 1160 1064 ignoti
1195 1006 1347 1059 erant,
1385 1001 1526 1048 facile
1566 1000 1664 1048 fuit
1699 1017 1866 1047 eorum

199 1087 355 1134 filium
392 1087 500 1145 dici,
534 1103 738 1149 quorum
773 1090 823 1132 et
859 1102 1020 1132 omnes
1055 1100 1310 1146 possumus
1339 1082 1507 1131 videri.
1580 1082 1701 1142 Quis
1737 1081 1865 1129 enim
1885 1093 1933 1120 10

200 1187 297 1216 non
343 1169 527 1217 caelum
569 1173 619 1216 et
659 1173 841 1215 terram
881 1171 1089 1214 matrem
1131 1171 1179 1212 et
1219 1171 1409 1228 patrem
1446 1164 1773 1212 venerationis
1816 1169 1866 1211 et

199 1250 395 1297 honoris
437 1250 594 1312 gratia
635 1250 861 1312 appellet,
905 1249 983 1297 vel
1021 1265 1081 1295 ex
1117 1247 1467 1294 consuetudine
1507 1246 1733 1304 humana,
1770 1262 1866 1307 qua

200 1332 358 1394 ignoti
395 1333 473 1380 vel
520 1349 579 1379 ex
626 1331 878 1394 inopinato
925 1334 1214 1393 apparentes
1258 1329 1316 1376 de
1360 1328 1491 1376 caelo
1533 1328 1865 1391 supervenisse

201 1414 469 1462 dicuntur?
540 1413 748 1461 Proinde
780 1413 990 1461 Saturno
1025 1411 1275 1474 repentino
1304 1411 1485 1472 ubique
1512 1411 1732 1458 caelitem
1755 1427 1864 1457 con-

198 1497 317 1559 tigit
343 1496 450 1543 dici.
522 1496 653 1542 Nam
685 1500 734 1543 et
758 1501 915 1543 terrae
949 1491 1073 1541 filios
1098 1494 1275 1556 vulgus
1299 1497 1452 1550 vocat,
1481 1510 1689 1555 quorum
1712 1509 1865 1555 genus
1884 1505 1930 1545 15

199 1579 440 1626 incertum
468 1584 555 1626 est.
628 1578 775 1625 Taceo
813 1577 941 1639 quod
975 1576 1046 1623 ita
1073 1576 1216 1623 rudes
1248 1580 1366 1622 tunc
1395 1575 1609 1621 homines
1641 1575 1864 1636 agebant,

200 1666 257 1708 ut
282 1660 539 1722 cujuslibet
570 1660 685 1707 novi
709 1660 808 1707 viri
843 1663 1042 1721 aspectu
1067 1657 1204 1720 quasi
1240 1657 1407 1703 divino
1432 1660 1863 1714 commoverentur,

201 1759 352 1804 quum
382 1742 522 1789 hodie
540 1742 643 1804 jam
678 1741 832 1804 politi,
861 1758 979 1803 quos
1013 1745 1126 1787 ante
1163 1756 1339 1801 paucos
1369 1738 1470 1785 dies
1502 1739 1639 1785 luctu
1672 1737 1866 1800 publico

201 1829 416 1872 mortuos
452 1824 553 1872 sint
595 1823 807 1881 confessi,
850 1823 902 1869 in
944 1823 1055 1869 deos
1097 1824 1391 1869 consecrent.
1487 1820 1618 1868 Satis
1660 1822 1760 1882 jam
1807 1820 1866 1866 de

203 1906 429 1964 Saturno,
445 1906 558 1954 lieet
582 1906 761 1969 paucis.
797 1905 965 1953 Etiam
989 1905 1019 1952 J
1025 1921 1161 1951 ovem
1180 1903 1486 1951 ostendemus
1505 1906 1605 1949 tam
1622 1901 1866 1949 hominem
1884 1922 1934 1948 20

203 2006 348 2051 quam
395 2005 454 2036 ex
496 1988 702 2045 homine,
741 1992 790 2035 et
826 1987 1050 2049 deinceps
1091 1990 1252 2034 totum
1293 1984 1486 2048 generis
1525 2000 1725 2031 examen
1764 1988 1866 2030 tam

200 2070 403 2118 mortale
438 2087 585 2132 quam
620 2069 815 2118 seminis
850 2069 927 2117 sui
962 2086 1064 2131 par.

265 2249 299 2276 2.
330 2241 551 2283 exceptus
572 2249 598 2275 a
619 2239 650 2274 J
653 2248 755 2275 ano.
810 2235 916 2273 Aur.
938 2234 1053 2273 Vict.
1075 2234 1183 2284 oriy.
1203 2238 1309 2284 yent.
1329 2233 1447 2272 Rom.
1471 2244 1507 2281 3.

257 2311 297 2349 4.
327 2301 652 2344 depalaverat:
684 2312 709 2336 a
726 2297 814 2335 late
835 2296 977 2343 word3
1006 2295 1071 2333 lit.
1098 2297 1165 2333 ‘to
1185 2295 1304 2332 mark
1331 2294 1391 2332 off
1405 2293 1510 2332 with
1524 2292 1688 2343 palings
1706 2290 1870 2343 (pali)‚⁷

206 2361 289 2399 and
309 2374 353 2399 so
372 2363 383 2382 ‘
400 2365 443 2399 to
463 2357 623 2406 found,'
646 2361 657 2379 ‘
669 2355 902 2397 establish?
959 2356 1049 2395 The
1068 2356 1183 2395 word
1202 2369 1340 2395 reeurs
1362 2356 1462 2406 only
1479 2356 1513 2392 T
1517 2360 1591 2393 ert.
1610 2354 1703 2393 adv.
1720 2354 1868 2391 Herm.

208 2435 271 2474 29,
303 2426 313 2444 ‘
331 2422 529 2473 depalans
559 2419 862 2472 quodammodo
881 2419 1087 2456 mundum
1104 2416 1113 2433 '
1129 2431 1139 2464 ;
1169 2418 1254 2456 and
1274 2418 1367 2457 adv.
1388 2417 1527 2455 Mare.
1551 2430 1589 2454 v.
1615 2414 1652 2463 6,
1676 2417 1685 2435 ‘
1703 2416 1869 2466 depala-

207 2488 341 2522 torem
370 2483 614 2533 disciplinae
643 2478 839 2519 divinae'
856 2494 867 2528 ;
896 2480 942 2518 in
974 2479 1077 2518 both
1108 2478 1154 2517 of
1170 2478 1310 2516 which
1339 2490 1451 2516 cases
1482 2478 1517 2515 it
1546 2477 1581 2514 is
1610 2476 1748 2515 better
1776 2489 1868 2514 con-

209 2545 362 2583 nected
381 2543 486 2582 with
507 2543 707 2594 depalare
728 2543 833 2580 than
851 2541 956 2580 with
976 2539 1180 2591 depellare
1202 2539 1328 2590 (from
1340 2539 1525 2589 palam).

263 2604 303 2645 6.
335 2607 539 2650 imagine
571 2607 782 2649 signatus
811 2614 1042 2641 nummus.
1099 2602 1205 2640 Isid.
1243 2601 1363 2651 Oriy.
1395 2600 1480 2639 xvi.
1514 2606 1561 2649 17
1579 2611 1589 2647 3
1618 2598 1726 2638 Aur.
1755 2599 1868 2638 Vict.

215 2669 321 2718 orig.
339 2671 450 2716 gent.
472 2666 592 2704 Rom.
617 2677 652 2714 3.

261 2741 298 2779 9.
334 2730 428 2766 Sed.
447 2729 579 2772 cujus
604 2729 832 2771 parentes.
893 2724 958 2763 Of.
983 2725 1089 2762 Aur.
1114 2723 1228 2761 Vict.
1249 2722 1306 2760 ib.
1329 2722 1357 2761 i.
1384 2733 1418 2761 2.

268 2804 330 2842 13.
365 2795 643 2836 apparentes
683 2793 740 2828 de
780 2791 911 2828 caelo
951 2779 1291 2834 supervenisse.
1348 2786 1489 2836 Comp.
1530 2785 1636 2824 Acts
1676 2786 1760 2824 xiv.
1795 2797 1840 2824 12
1859 2799 1869 2833 ;

209 2854 355 2894 xxviii.
382 2853 420 2892 6.
477 2853 566 2891 The
595 2852 834 2903 expression
860 2851 897 2889 is
927 2864 951 2889 a
980 2849 1216 2901 proverbial
1245 2862 1335 2897 one,
1365 2849 1494 2886 taken
1522 2848 1627 2886 from
1655 2848 1728 2887 the
1755 2849 1868 2888 thea-

207 2918 331 2956 trical
369 2916 676 2963 contrivances,
710 2914 795 2952 and
832 2925 1014 2951 answers
1053 2916 1097 2950 to
1131 2912 1204 2950 the
1237 2910 1375 2950 Greek
1408 2911 1709 2960 οὐρανοπετεῖς;
1739 2925 1867 2963 comp.

208 2980 354 3026 above,
375 2977 438 3016 011.
459 2989 499 3027 4,
521 2981 530 2996 ‘
547 2989 682 3026 neque
703 2975 816 3014 enim
836 2974 887 3012 de
907 2974 1019 3012 caelo
1037 2970 1150 3011 ruit.'

270 3051 332 3091 15.
362 3044 515 3077 terrae
544 3040 680 3076 filios.
738 3037 781 3075 A
799 3035 1037 3086 proverbial
1062 3033 1183 3072 mode
1203 3033 1248 3072 of
1261 3033 1525 3084 designating
1544 3046 1569 3072 a
1596 3047 1695 3072 man
1724 3033 1769 3072 of
1793 3047 1867 3071 un-

207 3102 360 3140 known
379 3100 538 3150 origin:
569 3099 684 3137 Pers.
707 3098 763 3136 vi.
787 3108 837 3148 59
857 3110 866 3145 ;
897 3096 1041 3134 Cicero
1060 3097 1154 3133 Ait.
1174 3095 1202 3134 i.
1229 3105 1290 3142 13.
1310 3107 1348 3145 4.

270 3174 330 3214 19.
362 3165 414 3200 in
434 3164 546 3200 deos
567 3163 840 3200 consecrent
856 3171 864 3198 :
895 3157 1098 3209 referring
1110 3161 1153 3196 to
1168 3157 1241 3195 the
1255 3156 1489 3208 apotheosis
1503 3156 1547 3195 of
1558 3156 1631 3195 the
1644 3169 1862 3207 emperors.
