2154 3564
137 175 140 177 -
192 152 440 205 CAP.XV1.]
515 146 776 198 adversus
817 146 1010 198 Gentes
1036 155 1140 213 pro
1185 147 1528 200 Christianis.
1785 159 1852 215 55

189 290 318 353 plius
363 289 417 337 in
459 306 526 348 ec,
567 289 619 336 in
661 307 754 353 quo
795 307 977 338 errasse
1025 308 1075 339 se
1121 292 1500 353 recognoscendo
1549 294 1853 342 cessaverint.

191 373 299 420 Hoc
322 372 458 434 prius
483 372 653 434 capite,
681 378 729 420 et
755 390 942 420 omnem
976 373 1092 420 hinc
1128 374 1419 421 sacramenti
1454 374 1610 422 nostri
1643 375 1857 422 ordinem

189 454 398 513 haurite,
425 455 718 517 repercussis
743 460 855 503 ante
879 461 1044 504 tamen
1068 454 1377 518 opinionibus
1402 455 1548 504 falsis.

823 614 1047 662 CAPUT
1084 614 1218 661 XVI.

256 712 399 772 NAM,
438 718 495 760 ut
539 712 752 775 quidam,
799 713 1073 761 somniastis
1113 718 1258 776 caput
1294 713 1539 761 asininum
1577 731 1677 762 esse
1715 715 1855 762 deum
1876 731 1897 769 5

190 799 424 842 nostrum.
496 795 638 842 Hanc
689 795 948 842 Cornelius
996 795 1190 842 Tacitus
1251 796 1572 858 suspicionem
1625 796 1860 859 ejusmodi

187 875 406 923 inseruit.
477 876 529 924 Is
573 877 702 924 enim
747 876 801 923 in
843 877 1013 939 quinta
1055 876 1388 925 Historiarum
1434 895 1631 925 suarum
1678 879 1861 926 bellum

188 957 452 1005 Judaicum
500 975 696 1006 exorsus
742 960 804 1005 ab
851 958 1038 1020 origine
1084 959 1256 1021 gentis,
1305 959 1451 1006 etiam
1499 960 1557 1007 de
1605 960 1712 1022 ipsa
1757 964 1860 1008 tam

188 1039 391 1101 origine,
431 1057 576 1102 quam
619 1040 676 1087 de
723 1040 912 1104 nomine
961 1048 1010 1088 et
1056 1039 1288 1104 religione
1337 1040 1497 1103 gentis
1539 1058 1664 1104 quae
1702 1042 1860 1090 voluit

188 1127 569 1185 argumentatus,
611 1121 824 1168 Judaeos
865 1121 1018 1169 refert
1058 1120 1292 1184 Aegypto
1340 1122 1606 1184 expeditos,
1649 1124 1762 1181 sive,
1801 1129 1860 1171 ut
1881 1145 1929 1171 10

186 1203 397 1265 putavit,
436 1207 663 1261 extorres,
704 1203 757 1249 in
793 1203 943 1251 vastis
974 1201 1188 1251 Arabiae
1223 1203 1341 1251 locis
1378 1221 1615 1267 aquarum
1654 1206 1858 1268 egentis·

187 1284 337 1353 simis,
379 1302 488 1332 cum
526 1285 611 1332 siti
649 1291 1022 1344 macerarentur,
1065 1285 1274 1347 onagris,
1317 1285 1404 1348 qui
1445 1287 1571 1334 forte
1616 1287 1675 1334 de
1717 1293 1861 1349 pastu

186 1372 355 1430 potum
389 1367 600 1430 petituri
633 1366 1026 1425 aestimabantur,
1058 1367 1299 1415 indicibus
1328 1368 1476 1415 fontis
1511 1385 1623 1415 usos
1660 1370 1719 1416 ob
1756 1386 1860 1417 eam

186 1450 396 1512 gratiam
434 1449 697 1497 consimilis
738 1450 923 1498 bestiae
965 1450 1268 1512 superficiem
1310 1467 1623 1498 consecrasse.
1694 1451 1859 1515 Atque

186 1531 258 1579 ita
282 1532 407 1589 inde,
434 1532 616 1595 opinor,
642 1536 1023 1595 praesumptum,
1051 1549 1138 1580 nos
1172 1549 1363 1595 quoque
1398 1537 1455 1580 ut
1478 1533 1509 1579 J
1513 1533 1712 1581 udaicae
1748 1534 1859 1581 reli·
1881 1554 1927 1593 15

186 1605 342 1678 gionis
377 1616 686 1678 propinquos,
714 1614 869 1662 eidem
905 1614 1161 1662 simulacro
1197 1614 1402 1662 initiari.
1471 1613 1547 1662 At
1571 1617 1696 1662 enim
1732 1616 1860 1664 idem

189 1696 446 1744 Cornelius
481 1697 692 1755 Tacitus,
720 1713 834 1744 sane
868 1696 953 1744 ille
987 1696 1352 1744 mendaciorum
1387 1696 1767 1760 loquacissimus,
1806 1699 1859 1744 in

189 1806 294 1845 with
311 1811 474 1858 respect
492 1811 536 1845 to
555 1806 675 1845 those
693 1807 836 1858 things
857 1807 986 1846 about
1001 1806 1137 1845 which
1157 1807 1260 1858 they
1281 1807 1426 1846 ceased
1444 1811 1489 1846 to
1508 1808 1559 1847 be
1578 1808 1788 1848 mistaken
1812 1809 1858 1848 in

188 1868 261 1907 the
280 1882 383 1921 very
402 1872 470 1907 act
491 1869 536 1907 of
550 1869 814 1920 recognizing
834 1869 929 1908 that
950 1868 1053 1921 they
1071 1868 1156 1907 had
1175 1869 1282 1907 been
1306 1867 1378 1907 so.'

247 1941 283 1969 2.
314 1933 593 1969 sacramenti
613 1932 777 1969 nostri.
837 1930 913 1969 See
933 1934 1033 1968 note
1053 1943 1106 1968 on
1125 1936 1447 1979 sacramentum,
1468 1930 1531 1969 ch.
1556 1939 1590 1982 7.

245 2002 280 2042 5.
315 1995 453 2040 Nam,
474 1996 528 2030 ut
549 1994 753 2038 quidam,
776 1995 852 2030 etc.
911 1992 967 2030 In
985 1992 1072 2031 this
1092 1991 1280 2043 chapter,
1302 1992 1442 2031 before
1462 1992 1712 2043 proceeding
1732 1996 1776 2031 to
1795 1996 1858 2031 set

187 2053 301 2092 forth
330 2053 404 2092 the
432 2054 521 2091 real
549 2058 700 2092 nature
730 2052 775 2092 of
792 2054 867 2092 the
895 2051 1142 2092 Christians'
1170 2053 1311 2100 belief,
1333 2053 1396 2092 ch.
1421 2062 1483 2104 17,
1507 2054 1744 2092 Tertullian
1773 2054 1855 2092 dis-

186 2128 305 2166 poses
333 2114 377 2153 of
398 2114 492 2153 four
511 2115 771 2154 calumnious
797 2118 958 2166 reports
985 2115 1221 2166 commonly
1244 2115 1476 2154 circulated
1505 2115 1756 2166 concerning
1782 2115 1857 2154 the

188 2176 404 2215 Christian
422 2176 564 2228 Deity.

296 2242 437 2284 caput
461 2241 710 2277 asininum.
783 2248 819 2276 Ι.
843 2236 1039 2288 Worship
1073 2236 1118 2275 of
1143 2251 1198 2275 an
1224 2234 1324 2276 ass's
1352 2237 1486 2277 head:
1520 2237 1578 2276 ad
1598 2237 1704 2276 Nat.
1730 2237 1757 2275 i.
1782 2248 1855 2282 103

186 2313 248 2350 cp.
271 2299 380 2339 Min.
403 2300 524 2338 Felix
543 2312 581 2351 9.
606 2300 671 2347 28,
690 2299 829 2338 where
848 2299 922 2338 the
942 2312 1054 2338 same
1072 2303 1215 2350 report
1242 2300 1277 2338 is
1304 2300 1551 2338 mentioned
1574 2300 1632 2351 by
1652 2299 1855 2338 Caecilius

187 2361 274 2400 and
291 2361 457 2400 refuted
475 2361 521 2398 in
540 2375 565 2400 a
585 2361 744 2399 similar
763 2374 940 2399 manner
958 2361 1016 2411 by
1035 2361 1248 2400 Octavius,

243 2421 283 2461 6.
312 2424 558 2461 Cornelius
592 2424 797 2461 Tacitus
855 2422 971 2461 Hist.
1003 2435 1043 2460 v.
1075 2433 1112 2471 3,
1146 2434 1185 2472 4,
1216 2423 1228 2442 ‘
1241 2421 1478 2460 Adsensere
1511 2425 1637 2472 atque
1671 2421 1857 2459 omnium

187 2483 325 2534 ignari
354 2482 579 2522 fortuitum
607 2484 691 2521 iter
710 2483 931 2534 incipiunt.
989 2482 1074 2522 Sed
1102 2483 1210 2521 nihil
1239 2496 1370 2533 aeque
1399 2495 1527 2533 quam
1556 2482 1697 2533 inopia
1725 2495 1856 2532 aquae

186 2544 413 2596 fatigabat.
481 2545 665 2595 Jamque
700 2544 815 2583 haud
846 2545 991 2595 procul
1031 2544 1173 2591 exitio,
1206 2544 1307 2582 totis
1341 2544 1494 2594 campis
1532 2543 1851 2594 procubuerant,

187 2619 283 2644 cum
310 2619 411 2657 grex
436 2606 647 2644 asinorum
673 2605 903 2657 agrestium
930 2619 952 2644 e
978 2609 1104 2657 pastu
1128 2604 1174 2642 in
1200 2617 1347 2655 rupem
1369 2617 1536 2642 nemore
1564 2617 1733 2655 opacam
1762 2617 1855 2642 con-

187 2668 324 2706 cessit.
383 2667 560 2706 Secutus
581 2668 765 2719 Moyses,
786 2667 1023 2718 conjectura
1041 2666 1207 2704 herbidi
1227 2665 1319 2713 soli,
1341 2665 1479 2716 largas
1500 2678 1706 2715 aquarum
1725 2677 1854 2703 venas

188 2729 323 2779 aperit
344 2759 353 2769 .
379 2759 388 2768 .
409 2758 419 2769 .
440 2728 634 2779 Effigiem
654 2728 857 2775 animalis,
882 2741 964 2778 quo
984 2730 1245 2765 monstrante
1265 2739 1446 2765 errorem
1468 2726 1668 2778 sitimque
1689 2726 1855 2778 depule-

187 2794 300 2839 rant,
319 2790 527 2841 penetrali
548 2786 788 2829 sacravere.'

246 2862 308 2901 14.
339 2852 634 2896 superficiem
654 2867 691 2881 =
713 2851 855 2899 eaput,
875 2849 933 2900 by
952 2861 1008 2887 an
1027 2847 1348 2899 extraordinary
1368 2861 1441 2886 use
1462 2847 1507 2886 of
1523 2847 1597 2887 the
1617 2847 1746 2887 word.

246 2923 308 2963 15.
337 2913 563 2951 Judaicae
592 2912 839 2956 religionis
867 2911 1169 2955 propinquos
1230 2909 1304 2960 Op.
1335 2909 1387 2948 de
1417 2912 1508 2948 test.
1530 2911 1658 2948 anim.
1690 2920 1728 2959 5,
1751 2909 1804 2948 ‘J
1809 2922 1854 2947 u-

188 2973 312 3013 daeos
334 3004 344 3014 .
366 3004 377 3013 .
397 3003 407 3012 .
426 2974 471 3012 in
490 2986 667 3024 quorum
694 2972 806 3023 [olea
827 2971 897 3022 ex]
920 2972 1098 3010 oleastro
1127 2970 1246 3009 insiti
1273 2969 1442 3009 sumus.'
1500 2971 1588 3018 The
1618 2971 1852 3009 Christians

188 3048 296 3075 were
316 3036 557 3085 constantly
575 3034 701 3084 being
720 3032 918 3072 confused
937 3032 1040 3072 with
1061 3032 1133 3070 the
1153 3032 1270 3071 Jews
1291 3032 1349 3083 by
1366 3033 1440 3071 the
1460 3032 1853 3083 [indiscriminating

188 3096 396 3136 heathen:
428 3097 539 3135 Dion
569 3096 681 3134 Cass.
702 3095 817 3134 lxvii.
839 3106 913 3145 143
943 3094 1077 3133 lxviii.
1103 3104 1120 3132 1
1140 3108 1150 3140 3
1178 3093 1350 3134 Sueton.
1370 3094 1525 3135 Claud.
1552 3105 1598 3145 25
1616 3108 1626 3142 ;
1656 3107 1718 3145 cp.
1736 3094 1851 3132 Just.

189 3157 322 3198 Mart.
344 3157 450 3198 dial.
472 3170 502 3197 ο.
531 3157 688 3209 Tryph.
714 3166 777 3208 17.
