2154 3564
215 191 312 229 Cir.
330 184 462 236 XX1.]
538 175 796 228 adversus
839 176 1029 228 Gentes
1060 184 1159 242 pro
1204 174 1548 228 Christianis,
1805 187 1870 243 73

215 337 341 382 rege,
390 318 565 381 quibus
609 336 696 366 nec
737 319 1031 368 advenarum
1065 319 1175 380 jure
1216 321 1396 364 terram
1443 317 1655 378 patriam
1703 316 1873 364 saltem

214 400 423 462 vestigio
459 401 670 448 salutare
706 401 997 448 conceditur.
1070 399 1192 446 Cum
1227 398 1342 445 haec
1378 397 1477 445 illis
1513 403 1705 445 sanctae
1735 416 1874 446 voces

214 482 645 543 praeminarentur,
682 483 876 530 eaedem
910 483 1009 529 fere
1044 497 1229 543 semper
1252 496 1412 527 omnes
1447 479 1735 540 ingerebant
1758 481 1872 536 fore,

215 563 291 610 uti
332 564 421 611 sub
462 564 654 611 extimis
696 564 947 612 curriculis
986 562 1160 610 saeculi
1203 579 1262 608 ex
1309 560 1438 608 omni
1480 563 1579 622 jam
1625 565 1782 623 gente,
1826 566 1875 608 et

214 646 407 707 populo,
433 652 481 693 et
517 646 619 693 loco
645 646 855 694 cultores
881 645 975 693 sibi
1008 645 1239 706 allegeret
1276 643 1409 690 Deus
1434 643 1586 689 multo
1621 643 1873 701 fideliores,
1891 671 1912 710 5

214 727 266 772 in
291 744 410 789 quos
446 727 655 789 gratiam
690 729 989 786 transferret,
1016 731 1066 774 et
1101 725 1368 788 pleniorem
1404 725 1600 787 quidem
1636 726 1694 772 ob
1731 726 1873 773 disci-

215 808 376 869 plinae
401 809 629 857 auctioris
655 810 983 873 capacitatem.
1037 805 1207 874 [Venit
1230 807 1397 870 igitur,
1419 807 1503 869 qui
1527 809 1588 855 ad
1611 809 1875 855 reforman-

215 890 327 937 dam
351 895 400 938 et
432 891 804 939 illuminandam
840 908 944 939 eam
967 896 1200 937 venturus
1230 907 1258 936 a
1290 890 1392 936 Deo
1425 889 1876 951 praenuntiabatur,

216 972 441 1020 Christus
466 972 550 1020 ille
573 973 729 1021 Filius
755 971 884 1039 Det]
936 973 1098 1035 Hujus
1123 972 1277 1034 igitur
1295 971 1484 1033 gratiae
1500 971 1875 1035 disciplinaeque

214 1055 397 1102 arbiter
443 1063 491 1102 et
537 1055 778 1118 magister,
828 1054 1130 1101 illuminator
1189 1059 1335 1116 atque
1398 1054 1630 1101 deductor
1687 1054 1875 1116 generis
1896 1079 1945 1105 10

214 1137 428 1195 humani,
466 1136 619 1183 Filius
649 1137 743 1184 Dei
775 1138 1176 1195 adnuntiabatur,
1202 1154 1299 1183 non
1332 1136 1528 1198 quidem
1561 1136 1632 1184 ita
1665 1136 1874 1199 genitus,

213 1226 270 1267 ut
299 1220 549 1267 erubescat
587 1220 645 1266 de
681 1219 773 1266 filii
807 1220 1002 1267 nomine
1038 1225 1123 1268 aut
1160 1220 1219 1267 de
1255 1220 1409 1282 patris
1439 1219 1648 1278 semine3
1687 1236 1782 1266 non
1818 1219 1876 1267 de

212 1302 388 1351 sororis
411 1302 607 1360 incesto,
634 1319 719 1349 nec
744 1302 804 1348 de
829 1306 997 1364 stupro
1021 1302 1150 1350 filiae
1173 1306 1260 1349 aut
1284 1301 1499 1365 conjugis
1522 1301 1708 1349 alienae
1734 1302 1877 1349 deum

213 1391 400 1448 patrem
424 1401 592 1446 passus
617 1389 704 1443 est,
731 1389 1050 1448 squamatum,
1076 1390 1162 1432 aut
1190 1390 1461 1444 cornutum,
1488 1389 1574 1432 aut
1598 1386 1876 1447 plumatum

213 1471 487 1523 amatorem,
525 1472 611 1514 aut
644 1467 697 1513 in
732 1484 906 1514 aurum
941 1484 1248 1515 conversum:
1288 1468 1319 1514 J
1325 1468 1430 1515 ovis
1467 1467 1595 1514 enim
1629 1468 1726 1515 ista
1761 1472 1875 1514 sunt
1895 1487 1942 1527 15

214 1549 413 1597 numina
436 1550 600 1607 vestri.
676 1549 905 1597 Ceterum
933 1549 1028 1597 Dei
1064 1550 1217 1597 Filius
1254 1551 1439 1598 nullam
1474 1552 1534 1598 de
1570 1550 1878 1613 impudicitia

214 1632 360 1679 habet
385 1635 599 1691 matrem,
629 1632 774 1679 etiam
799 1649 945 1694 quam
969 1633 1167 1679 videtur
1190 1632 1369 1680 habere
1393 1650 1489 1679 non
1513 1638 1757 1697 nupserat.

285 1712 380 1760 Sed
404 1713 540 1775 prius
565 1714 884 1761 substantiam
909 1715 1181 1771 edisseram,
1198 1719 1247 1762 et
1270 1715 1342 1761 ita
1365 1715 1644 1763 nativitatis
1670 1714 1877 1778 qualitas

214 1795 529 1857 intelligetur.
591 1796 622 1842 J
627 1813 702 1843 am
727 1796 968 1844 ediximus
988 1796 1147 1843 Deum
1169 1795 1536 1844 universitatem
1560 1797 1683 1845 hanc
1708 1797 1878 1843 mundi

270 1905 306 1943 3.
335 1897 752 1940 praeminarentur.
811 1895 938 1934 Deut.
973 1895 1058 1933 viii.
1102 1906 1150 1946 19
1168 1908 1177 1942 ;
1220 1895 1275 1934 xi.
1319 1894 1381 1944 16,
1425 1903 1471 1946 17
1488 1910 1499 1945 ;
1540 1897 1687 1936 xxviii.
1730 1906 1776 1946 15
1808 1895 1876 1939 ff.;

215 1958 341 1996 Ezek.
361 1971 405 1997 V.
425 1958 447 1995 8
464 1957 507 1997 ff.

322 2021 613 2064 ingerebant.
670 2020 701 2058 J
705 2019 768 2058 oel
787 2018 830 2058 ii.
851 2020 899 2057 28
914 2019 956 2056 ff.

268 2081 306 2119 6.
329 2084 386 2120 ob
402 2083 676 2127 disciplinae
689 2083 912 2120 auctioris
928 2082 1254 2126 capacitatem:
1277 2081 1348 2118 ‘on
1361 2084 1536 2120 account
1546 2081 1591 2120 of
1597 2081 1671 2120 the
1684 2080 1875 2132 capacity

214 2143 260 2181 of
282 2156 337 2181 an
362 2143 521 2193 ampler
544 2146 701 2194 system
727 2143 773 2181 of
794 2141 1041 2193 teaching’;
1070 2142 1134 2181 i.e.
1156 2142 1229 2181 the
1253 2143 1408 2193 Grospel
1435 2143 1724 2194 dispensation
1742 2156 1826 2182 was
1850 2156 1875 2181 a

213 2217 327 2242 more
355 2204 561 2243 extended
590 2217 667 2243 one
697 2204 803 2243 than
830 2204 903 2243 the
931 2205 961 2243 J
966 2204 1092 2242 ewish
1126 2204 1171 2241 in
1201 2203 1298 2242 that
1326 2203 1362 2242 it
1391 2205 1610 2244 embraced
1640 2205 1713 2243 the
1741 2204 1875 2243 whole

215 2266 359 2305 world.

272 2334 306 2378 7.
341 2327 505 2378 [Venit
534 2329 682 2372 igitur
708 2358 716 2366 .
742 2357 751 2364 .
774 2357 782 2365 .
809 2328 963 2365 Filius
996 2325 1123 2377 Dei.]
1181 2326 1314 2365 These
1342 2327 1478 2366 words
1513 2341 1583 2366 are
1614 2326 1791 2366 omitted
1818 2326 1875 2378 by

215 2388 309 2438 Rig.
324 2388 410 2426 and
429 2388 610 2426 Haverc.

273 2459 334 2487 10.
365 2450 613 2488 deductor:
646 2450 657 2469 ‘
670 2461 724 2486 an
747 2448 972 2487 attendant
995 2462 1107 2499 upon
1132 2462 1157 2487 a
1182 2446 1419 2500 neophyte,’
1441 2452 1491 2487 ‘a
1514 2447 1663 2500 guide'
1678 2461 1688 2496 3
1717 2448 1803 2486 and
1830 2461 1874 2487 so

216 2510 260 2548 of
276 2510 349 2548 the
368 2510 486 2561 Holy
504 2509 648 2560 spirit,
669 2510 721 2547 de
741 2523 880 2548 coron.
900 2522 941 2559 4,
959 2512 971 2530 ‘
984 2510 1199 2548 Deductor
1218 2509 1437 2549 veritatis?

273 2582 335 2622 14.
365 2575 671 2619 squamatum,
694 2577 776 2609 aut
796 2576 1059 2620 cornutum,
1080 2573 1109 2610 i.
1127 2585 1157 2611 e.
1178 2571 1303 2610 when
1332 2571 1546 2622 assuming
1567 2571 1641 2609 the
1662 2571 1769 2609 form
1789 2571 1834 2610 of
1849 2585 1874 2610 a

216 2636 395 2684 serpent,
417 2646 462 2671 or
479 2633 572 2671 bull
592 2646 637 2671 or
656 2636 771 2683 goat.

323 2697 586 2740 plumatum
618 2699 883 2733 amatorem.
941 2695 1115 2745 Jupiter
1143 2708 1188 2733 as
1217 2708 1243 2732 a
1272 2707 1386 2732 swan
1421 2694 1526 2732 with
1559 2694 1697 2734 Leda:
1737 2707 1873 2746 comp.

216 2756 267 2794 de
286 2758 412 2806 spect.
435 2756 472 2804 8,
500 2756 596 2806 ‘qui
614 2756 707 2794 illos
731 2756 966 2807 [Castorem
986 2761 1028 2795 et
1054 2755 1287 2806 Pollucem]
1321 2769 1397 2794 ovo
1426 2755 1558 2795 editos
1587 2756 1793 2795 eredendo
1822 2757 1874 2796 de

215 2831 348 2869 cygno
367 2818 478 2856 Jove
497 2830 582 2855 non
600 2815 877 2856 erubescunt?

275 2879 336 2918 16.
366 2881 584 2917 numina:
616 2879 787 2916 nomina
811 2878 846 2916 is
867 2878 941 2916 the
959 2877 1133 2928 reading
1153 2877 1198 2915 of
1213 2882 1322 2916 most
1342 2877 1464 2916 MSS.

328 2943 385 2979 de
416 2942 735 2986 impudicitia:
767 2940 977 2989 pudicitia
1002 2940 1037 2978 is
1056 2939 1268 2991 preferred
1293 2940 1350 2991 by
1369 2952 1481 2979 some
1501 2940 1611 2990 edd„
1631 2941 1715 2979 and
1734 2940 1875 2980 would

216 3016 337 3041 mean
358 3006 369 3024 ‘
383 3002 428 3040 in
446 3001 602 3052 lawfulv
614 2999 823 3040 wedlock.'

275 3076 337 3115 19.
369 3067 476 3103 Jam
496 3064 743 3101 ediximus.
801 3063 875 3101 Ch.
902 3069 967 3113 17.

325 3127 684 3164 universitatem
719 3127 839 3164 hanc
870 3126 1081 3162 mundi:
1095 3126 1106 3143 ‘
1121 3126 1255 3162 totam
1291 3125 1444 3163 molem
1475 3125 1606 3164 vitam
1635 3138 1729 3164 cum
1758 3125 1872 3164 omni

215 3189 506 3236 instrumento,
527 3186 840 3235 elementorum,
860 3199 1085 3237 corporum,
1108 3185 1358 3237 spirituum,'
1379 3186 1442 3225 ch.
1467 3194 1528 3237 17.
