2154 3564
299 160 369 215 54
767 146 1101 198 Tertulliani
1135 145 1186 194 A
1182 146 1508 212 pologetz‘cus
1736 152 1854 204 [CAP.
1874 158 1964 195 XV.

297 290 677 339 meridianorum
708 290 1022 338 crudelitates
1047 288 1349 338 Mercurium
1376 295 1590 338 mortuos
1620 290 1835 338 cauterio
1860 305 1964 338 exa-

296 374 577 423 minantem.
650 374 873 422 Vidimus
899 377 946 421 et
971 373 1001 419 J
1006 372 1108 420 ovis
1143 373 1344 419 fratrem
1375 372 1701 434 gladiatorum
1734 372 1968 420 cadavera

299 474 408 505 cum
432 458 606 504 malleo
625 456 956 503 deducentem.
1014 453 1214 517 Singula
1237 454 1332 502 ista
1352 471 1567 517 quaeque
1591 455 1747 502 adhuc
1771 454 1967 502 investi-

299 556 415 602 gare
441 539 548 603 quis
571 539 724 602 possit
745 540 761 585 2
799 537 853 586 Si
871 538 1104 584 honorem
1122 537 1402 600 inquietant
1422 537 1710 596 divinitatis,
1737 537 1779 586 si
1798 539 1969 598 majes-

260 637 282 677 5
299 622 419 670 tatis
436 621 643 685 vestigia
667 620 954 679 obsoletant,
982 620 1040 667 de
1066 623 1348 682 contemptu
1371 619 1543 681 utique
1570 624 1839 679 censentur,
1867 625 1970 667 tam

299 721 465 752 eorum
490 704 574 767 qui
599 702 835 765 ejusmodi
858 702 1102 761 factitant,
1132 719 1277 765 quam
1301 719 1469 749 eorum
1494 701 1670 764 quibus
1694 702 1935 750 factitant.

370 785 467 833 Sed
501 786 690 833 ludicra
735 784 831 833 ista
870 790 997 834 sunt.
1070 784 1303 833 Ceterum
1345 785 1386 832 si
1425 784 1665 846 adjiciam,
1709 801 1833 847 quae
1873 800 1970 831 non

299 869 459 916 minus
484 869 803 917 conscientiae
823 868 1039 916 omnium
1062 871 1419 930 recognoscent,
1435 867 1487 913 in
1510 867 1705 930 templis
1730 866 1972 915 adulteria

301 952 536 1014 componi,
578 952 708 999 inter
748 968 856 999 aras
897 950 1136 998 lenocinia
1177 949 1397 1008 tractari,
1434 949 1487 996 in
1528 949 1645 1012 ipsis
1684 949 1971 1012 plerumque

236 1056 286 1082 10
300 1034 609 1082 aedituorum
644 1038 694 1081 et
730 1033 1034 1082 sacerdotum
1068 1032 1410 1091 tabernaculis,
1438 1032 1528 1080 sub
1560 1032 1733 1079 iisdem
1755 1031 1893 1080 vittis
1922 1034 1973 1078 et

301 1116 520 1179 apicibus
564 1120 614 1163 et
659 1115 908 1179 purpuris,
957 1121 1067 1163 ture
1127 1115 1364 1179 flagrante
1415 1114 1669 1161 libidinem
1721 1113 1969 1178 expungi:

301 1197 477 1257 nescio,
502 1198 677 1261 plusne
712 1198 771 1245 de
795 1197 931 1246 vobis
967 1198 1038 1245 dii
1062 1198 1226 1256 vestri,
1251 1214 1397 1260 quam
1433 1197 1492 1244 de
1529 1196 1821 1246 Christianis
1857 1213 1971 1259 que-

299 1285 484 1328 rantur.
556 1280 700 1328 Certe
737 1280 959 1343 sacrilegi
995 1281 1055 1328 de
1091 1280 1265 1329 vestris
1301 1297 1487 1343 semper
1524 1279 1972 1342 apprehenduntur.

301 1363 571 1412 Christiani
617 1363 746 1411 enim
792 1364 975 1426 templa
1020 1380 1108 1412 nec
1160 1363 1378 1411 interdiu
1428 1368 1644 1422 norunt,
1706 1361 1973 1426 spoliarent

236 1465 282 1504 15
301 1445 506 1493 forsitan
531 1463 587 1493 ea
610 1449 660 1493 et
683 1445 793 1507 ipsi,
819 1445 860 1493 si
885 1450 934 1494 et
958 1445 1052 1508 ipsi
1077 1463 1132 1493 ea
1156 1447 1425 1494 adorarent.
1499 1446 1632 1506 Quid
1656 1462 1768 1508 ergo
1793 1445 1971 1503 colunt,

302 1528 388 1591 qui
422 1528 543 1576 talia
578 1545 675 1575 non
712 1528 911 1575 colunt?
981 1529 1013 1576 J
1017 1545 1094 1575 am
1129 1528 1328 1591 quidem
1363 1528 1574 1592 intelligi
1611 1529 1828 1590 subjacet
1851 1527 1971 1577 veri-

299 1611 416 1659 tatis
454 1628 556 1659 esse
592 1611 819 1670 cultores,
850 1610 936 1674 qui
972 1611 1213 1659 mendacii
1248 1628 1346 1659 non
1383 1612 1512 1660 sint:
1551 1629 1637 1659 nec
1673 1627 1837 1659 errare
1874 1627 1973 1659 am-

359 1739 392 1767 1.
425 1730 810 1768 meridianorum.
871 1726 934 1768 Sc.
967 1727 1262 1779 gladiatorum
1274 1746 1291 1775 ;
1335 1743 1395 1781 cp.
1437 1729 1593 1769 Seneca
1623 1729 1743 1780 Epp.
1781 1736 1817 1780 7.
1885 1728 1975 1767 The

300 1790 564 1829 combatants
583 1789 678 1830 who
705 1789 907 1829 survived
932 1790 1007 1830 the
1033 1790 1265 1843 morning’s
1293 1795 1523 1831 encounter
1547 1791 1697 1842 fought
1721 1795 1766 1830 at
1789 1803 1902 1829 noon
1930 1794 1975 1829 to

300 1851 375 1890 the
395 1851 538 1890 death.

412 1915 645 1953 cauterio:
685 1914 696 1934 ‘
713 1927 738 1952 a
757 1913 1104 1969 branding—iron'
1119 1928 1130 1964 3
1169 1916 1248 1955 but
1267 1915 1507 1955 Tei-tullian
1533 1929 1627 1955 uses
1647 1916 1683 1954 it
1703 1916 1795 1954 adv.
1820 1915 1969 1954 Herm.

308 1987 344 2023 Ι,
362 1975 408 2014 of
423 1976 497 2015 the
516 1976 775 2014 instrument
791 1976 1012 2029 employed
1027 1980 1071 2016 to
1090 1977 1203 2016 burn
1217 1979 1263 2016 in
1281 1978 1355 2017 the
1370 1991 1464 2017 wax
1482 1979 1527 2016 in
1541 1978 1753 2017 encaustic
1765 1977 1974 2029 painting,

304 2037 405 2076 such
424 2050 469 2076 as
490 2037 526 2075 is
547 2037 763 2076 described
781 2037 836 2090 by
857 2037 1085 2077 Vitruvius
1105 2039 1178 2078 vii.
1200 2051 1248 2092 91
1266 2053 1277 2088 ;
1307 2039 1417 2079 Plin.
1438 2052 1563 2079 xxxv.
1592 2052 1626 2078 2.

363 2110 397 2138 2.
429 2102 460 2138 J
464 2101 566 2137 ovis
586 2101 793 2138 fratrem.
849 2099 991 2139 Pluto.

361 2171 396 2211 5.
436 2163 716 2200 obsoletant.
774 2161 816 2200 A
849 2162 966 2201 word
996 2163 1187 2202 confined
1219 2167 1264 2203 to
1297 2163 1489 2215 patristic
1520 2162 1723 2214 latinity:
1767 2162 1803 2202 it
1835 2175 1975 2202 recurs

304 2221 449 2274 Seorp.
465 2222 501 2269 6,
517 2225 527 2243 ‘
540 2224 614 2274 qui
634 2223 839 2262 vestitum
859 2224 1162 2264 obsoletassent
1183 2224 1446 2278 nuptialem.’
1498 2226 1587 2264 The
1605 2225 1783 2277 parallel
1802 2238 1976 2277 passage

306 2286 362 2324 ad
380 2285 429 2323 N
427 2287 486 2324 at.
512 2285 538 2324 i.
567 2296 617 2324 10
636 2285 759 2324 reads
781 2289 790 2305 ⁶
806 2285 841 2324 si
860 2287 1096 2338 majestatis
1116 2288 1335 2339 fastigium
1355 2286 1577 2327 adsolant?

364 2358 426 2385 10.
455 2350 785 2387 tabernaculis.
843 2348 898 2386 In
925 2339 1141 2389 technicas
1163 2350 1280 2403 relig.
1302 2350 1583 2402 terminology
1602 2349 1967 2389 tabernaculum=

305 2409 379 2447 the
400 2410 544 2449 sacred
562 2413 658 2449 tent
677 2410 851 2462 pitched
871 2411 1035 2450 outside
1055 2412 1129 2451 the
1144 2412 1234 2465 city
1247 2411 1417 2452 whence
1432 2412 1505 2451 the
1521 2412 1709 2463 auspices
1720 2426 1830 2452 were
1843 2413 1975 2452 taken

305 2470 501 2522 previous
520 2475 564 2510 to
584 2471 658 2510 the
678 2472 891 2513 elections.

364 2545 428 2574 11.
458 2537 711 2574 libidinem
731 2537 949 2582 expungi.
1007 2536 1085 2576 See
1104 2540 1216 2585 note,
1237 2537 1300 2576 ch.
1329 2548 1348 2575 2
1367 2549 1376 2584 ;
1406 2550 1466 2588 cp.
1492 2537 1663 2577 Sueton.
1687 2537 1778 2579 Tib.
1799 2550 1865 2588 44.

365 2607 426 2645 13.
462 2599 597 2636 Certe
619 2600 838 2644 sacrilegi
866 2601 923 2637 de
944 2602 1128 2639 vestris.
1190 2600 1264 2651 Op.
1285 2600 1344 2638 ad
1366 2598 1491 2650 Scap.
1515 2611 1553 2649 2,
1574 2605 1583 2621 ‘
1598 2601 1758 2639 Tamen
1777 2613 1853 2639 nos
1873 2613 1976 2652 quos

308 2658 528 2709 sacrilegos
555 2660 818 2709 existimatis,
844 2674 921 2700 nec
949 2661 995 2699 in
1020 2661 1131 2701 furto
1157 2675 1343 2713 unquam
1372 2662 1718 2713 deprehendistis,
1744 2663 1901 2702 nedum
1929 2663 1975 2701 in

308 2720 536 2769 sacrilegio.
595 2721 748 2760 Omnes
777 2725 920 2760 autem
948 2723 1021 2773 qui
1050 2723 1209 2774 templa
1238 2723 1487 2775 despoliant,
1519 2727 1562 2763 et
1589 2737 1662 2775 per
1691 2724 1788 2763 deos
1815 2726 1976 2776 jurant,

308 2784 351 2879 {t
381 2781 547 2879 epsdem
574 2782 735 2859 polunt,
766 2787 809 2823 et
842 2784 1072 2823 Christiani
1104 2798 1190 2824 non
1223 2790 1335 2834 sunt,
1369 2790 1413 2825 et
1441 2785 1633 2837 sacrilegi
1660 2789 1806 2825 tamen
1835 2785 1978 2837 depre-

341 2855 393 2880 en
426 2846 564 2881 untur.

369 2914 430 2952 14.
466 2905 724 2944 Christiani
755 2908 931 2952 templa
961 2919 1047 2947 nec
1077 2909 1290 2947 interdiu
1318 2912 1506 2947 norunt.
1582 2909 1654 2960 Cp.
1683 2908 1746 2948 ch.
1776 2916 1841 2959 37,
1862 2908 1977 2947 ‘sola

312 2963 430 3003 vobis
450 2965 695 3015 reliquimus
715 2966 900 3018 templa.'

369 3023 431 3064 16.
465 3028 672 3072 intelligi
694 3031 916 3074 subjacet.
965 3029 1008 3067 A
1027 3029 1113 3069 late
1132 3030 1261 3069 Latin
1280 3043 1367 3080 use,
1387 3031 1445 3070 ‘it
1465 3031 1542 3070 lies
1561 3031 1712 3071 within
1732 3043 1833 3082 easy
1851 3031 1976 3071 reach

311 3085 357 3125 of
372 3086 445 3125 the
465 3087 767 3138 apprehension
781 3091 814 3138 ’ς
844 3104 907 3140 cp.
929 3091 1002 3129 the
1023 3104 1095 3130 use
1116 3092 1161 3130 of
1178 3091 1382 3130 ὑπόκειται
1402 3091 1521 3131 νοεῖν.

370 3158 430 3199 17.
461 3161 547 3189 nec
568 3161 720 3189 errare
742 3153 944 3197 amplius
966 3154 1017 3190 in
1039 3164 1106 3191 eo.
1153 3155 1164 3174 ‘
1177 3153 1270 3192 Nor
1289 3167 1359 3193 are
1379 3154 1482 3206 they
1497 3167 1582 3205 any
1600 3153 1745 3206 longer
1763 3153 1975 3192 mistaken
