2154 3564
222 224 320 264 CAP.
341 220 434 272 XL]
539 212 799 265 adversus
843 211 1034 263 Gentes
1059 216 1163 277 pro
1209 209 1552 263 Christianis,
1809 224 1877 276 43

221 371 337 413 esse,
373 355 503 417 quod
543 354 746 417 perfecit
781 353 952 401 omnia.
1024 351 1166 399 Nihil
1203 351 1470 400 Saturnum
1512 354 1561 397 et
1599 349 1881 398 Saturniam

220 442 414 499 gentem
449 437 770 500 exspectabat.
841 435 969 483 Vani
1001 438 1146 482 erunt
1174 433 1408 492 homines,
1436 432 1531 479 nisi
1565 432 1683 480 certi
1716 432 1827 490 sint,
1853 449 1882 479 a

220 518 487 581 primordio
527 523 575 565 et
604 518 793 581 pluvias
829 518 887 565 de
924 517 1054 564 caelo
1090 516 1254 575 ruisse,
1294 520 1343 563 et
1379 515 1537 563 sidera
1572 515 1799 571 radiasse,
1833 520 1882 561 et

219 600 405 647 lumina
439 600 670 659 floruisse,
697 604 747 648 et
781 599 1003 647 tonitrua
1030 599 1241 661 mugisse
1277 602 1327 645 et
1361 597 1522 660 ipsum
1546 597 1577 643 J
1582 614 1732 653 ovem,
1760 612 1882 657 quae

219 683 273 728 in
296 699 442 729 manu
465 684 568 743 ejus
599 682 791 745 ponitis,
817 681 1021 729 fulmina
1045 680 1290 739 timuisse;
1327 679 1447 727 item
1483 695 1673 726 omnem
1695 678 1882 740 frugem
1899 694 1921 735 5

221 768 333 811 ante
364 764 598 811 Liberum
632 769 682 812 et
716 764 938 812 Cererem
963 767 1011 811 et
1047 762 1330 820 Minervam,
1357 761 1452 807 imo
1477 765 1589 808 ante
1624 760 1763 806 illum
1797 758 1882 806 ali-

156 848 162 857 ’
221 862 366 907 quem
383 846 653 909 principem
676 845 920 893 hominem
944 846 1002 892 de
1026 849 1161 892 terra
1176 844 1478 899 exuberasse,
1496 842 1611 905 quia
1631 841 1753 888 nihil
1773 857 1881 887 con-

220 928 423 976 tinendo
440 933 488 975 et
509 929 791 976 sustinendo
806 927 989 974 homini
1004 930 1315 989 prospectum
1332 931 1443 988 post
1461 924 1705 971 hominem
1721 925 1883 985 potuit

221 1011 410 1067 inferri.
460 1011 683 1073 Denique
705 1010 947 1058 invenisse
972 1010 1203 1057 dicuntur
1226 1006 1491 1055 necessaria
1515 1006 1610 1053 ista
1629 1005 1771 1063 vitae,
1787 1022 1883 1052 non

222 1092 505 1140 instituisse.
577 1093 719 1152 Quod
754 1096 919 1140 autem
953 1091 1215 1148 invenitur,
1254 1090 1378 1148 fuit3
1417 1094 1464 1136 et
1501 1088 1629 1150 quod
1652 1087 1759 1147 fuit,
1787 1105 1882 1134 non
1902 1109 1953 1137 10

223 1176 325 1235 ejus
351 1174 680 1236 deputabitur,
699 1174 783 1236 qui
801 1173 999 1231 invenit,
1019 1172 1102 1220 sed
1121 1174 1222 1234 ejus
1239 1171 1323 1234 qui
1337 1170 1557 1218 instituit
1578 1187 1587 1216 :
1616 1174 1720 1217 erat
1738 1168 1882 1226 enim,

222 1260 483 1317 antequam
529 1257 845 1304 inveniretur.
918 1256 1148 1303 Ceterum
1188 1254 1230 1302 si
1271 1258 1527 1317 propterea
1564 1252 1713 1299 Liber
1751 1253 1884 1308 deUS,

222 1338 353 1399 quod
376 1339 525 1385 vitem
560 1338 927 1397 demonstravit,
954 1338 1077 1385 male
1114 1354 1222 1384 cum
1257 1336 1459 1383 Lucullo
1492 1340 1654 1382 actum
1687 1338 1772 1393 est,
1800 1334 1885 1395 qui

222 1420 410 1482 primus
446 1438 606 1468 cerasa
642 1438 703 1468 ex
725 1420 884 1468 Ponto
921 1420 1096 1467 Italiae
1131 1418 1472 1482 promulgavit,
1510 1417 1638 1480 quod
1673 1434 1769 1463 non
1812 1422 1885 1464 est

158 1499 167 1510 Ν
221 1507 479 1565 propterea
504 1508 819 1561 consecratus,
846 1509 902 1550 ut
926 1519 1078 1550 novae
1113 1501 1266 1562 frugis
1304 1504 1484 1557 auctor,
1512 1499 1626 1561 quia
1660 1498 1884 1547 inventor
1903 1525 1952 1565 15

221 1588 269 1631 et
295 1589 523 1632 ostensor.
596 1584 919 1644 Quamobrem
954 1584 996 1632 si
1020 1585 1081 1631 ab
1115 1583 1262 1630 initio
1296 1586 1345 1629 et
1378 1582 1622 1628 instructa
1657 1586 1706 1627 et
1742 1580 1887 1628 certis

223 1667 596 1714 exercendorum
631 1667 894 1714 officiorum
930 1684 1127 1714 suorum
1162 1665 1433 1712 rationibus
1470 1663 1745 1725 dispensata
1781 1663 1889 1709 uni-

221 1748 426 1796 versitas
474 1748 711 1808 constitit,
758 1753 899 1796 vacat
946 1766 1006 1796 ex
1053 1748 1142 1795 hac
1200 1751 1341 1810 parte
1401 1762 1568 1793 caussa
1612 1745 1889 1808 allegendae

222 1915 314 1953 first
343 1913 622 1953 constitution
635 1912 841 1965 perfectly
854 1912 1099 1964 discharged
1110 1912 1169 1951 all
1181 1913 1236 1951 its
1251 1911 1460 1950 functions
1478 1908 1680 1962 (perfecit
1700 1908 1860 1962 omnia)
1879 1924 1889 1955 ;

223 1976 308 2015 and
326 1975 534 2014 therefore
552 1975 712 2013 needed
731 1978 805 2013 not
824 1975 898 2013 the
925 1974 1210 2013 intervention
1238 1973 1283 2012 of
1306 1973 1380 2012 the
1408 1972 1590 2010 heathen
1618 1972 1719 2022 gods
1749 1975 1794 2010 to
1821 1985 1891 2010 en—

222 2051 318 2077 sure
337 2038 393 2076 its
412 2037 656 2088 perfection.
715 2036 858 2087 Comp.
881 2037 1041 2075 Arnob.
1063 2036 1091 2075 i.
1118 2046 1180 2085 15.

277 2111 317 2149 4.
347 2101 536 2151 lumina·
567 2100 785 2136 floruisse
805 2111 813 2137 :
865 2098 963 2136 ‘the
1003 2111 1081 2136 sun
1128 2096 1212 2135 and
1249 2109 1372 2134 moon
1409 2094 1518 2134 have
1555 2095 1661 2134 been
1694 2094 1837 2145 bright
1853 2092 1864 2110 ⁷
1879 2091 1888 2141 ζ

222 2161 374 2211 chiefly
393 2174 418 2199 a
436 2160 615 2211 poetic-al
643 2173 717 2198 use
739 2159 784 2198 of
786 2159 944 2210 floreo,
964 2159 1096 2197 found
1126 2159 1172 2196 in
1201 2158 1366 2196 Ennius
1396 2157 1480 2195 and
1508 2157 1744 2195 Lucretius.
1803 2156 1890 2193 But

223 2222 460 2260 Tertullian
480 2222 605 2272 again
620 2221 715 2260 adv.
729 2221 781 2259 M
781 2234 867 2259 are.
886 2221 940 2259 iv.
956 2232 1023 2271 42,
1045 2221 1056 2240 ‘
1073 2220 1235 2258 caelum
1255 2219 1484 2256 luminibus
1504 2217 1718 2256 floruisse.’
1748 2217 1889 2267 Comp.

222 2284 345 2323 Lucr.
369 2284 424 2324 iv.
446 2295 495 2334 45
505 2295 537 2330 2,
563 2286 573 2304 ‘
588 2284 698 2321 Bina
717 2284 985 2321 lucernarum
1007 2282 1199 2320 florentia
1218 2280 1380 2319 lumina
1394 2277 1600 2318 flammis.'

281 2353 317 2396 7.
349 2347 662 2384 continendo:
696 2346 707 2364 ‘
723 2344 787 2383 for
805 2344 879 2382 the
907 2340 1221 2394 preservation,'
1242 2348 1313 2380 ete.
1333 2355 1343 2390 ;
1374 2355 1505 2392 comp.
1539 2341 1603 2380 ch.
1628 2348 1690 2392 17,
1713 2341 1723 2360 ‘
1740 2339 1892 2390 quibus

223 2404 541 2453 continemur’3
571 2406 731 2444 Arnob.
762 2406 806 2445 ii.
841 2416 903 2450 21,
934 2405 1113 2455 ‘quibus
1143 2404 1235 2442 vita
1264 2403 1522 2453 succingitur
1552 2406 1594 2441 et
1622 2402 1893 2440 continentur

225 2467 410 2505 humana
426 2464 437 2482 '
456 2480 466 2515 ;
495 2466 613 2506 Lact.
636 2467 684 2505 de
699 2469 820 2505 mort.
831 2479 948 2518 pers.
965 2477 1003 2515 5,
1026 2467 1036 2486 ‘
1053 2466 1133 2503 Dei
1146 2465 1328 2516 regentis
1344 2468 1386 2503 et
1407 2463 1658 2502 continentis
1671 2461 1893 2501 universa.'

282 2540 319 2579 9.
367 2529 580 2573 Denique
624 2530 865 2566 invenisse
914 2529 1160 2566 dicuntur:
1210 2539 1265 2564 sc.
1306 2525 1376 2564 dii.
1437 2525 1525 2563 The
1563 2524 1649 2562 fact
1689 2524 1782 2561 that
1819 2523 1892 2561 the

226 2589 326 2639 gods
346 2601 416 2626 are
435 2589 657 2640 popularly
672 2589 764 2628 said
783 2593 828 2628 to
848 2589 954 2627 have
976 2587 1216 2626 discovered
1233 2587 1354 2625 those
1374 2585 1544 2624 natural
1572 2585 1767 2636 products
1787 2585 1892 2623 with

225 2653 390 2700 respect
427 2653 472 2688 to
512 2650 647 2688 which
684 2651 788 2703 they
826 2650 1008 2689 exercise
1055 2650 1232 2700 bounty,
1272 2662 1317 2686 or
1356 2647 1459 2686 with
1497 2646 1635 2686 which
1681 2646 1784 2698 they
1820 2659 1892 2685 are

226 2710 470 2759 associated,
492 2711 659 2762 implies
679 2712 753 2750 the
775 2712 1058 2762 preexistence
1079 2710 1122 2748 of
1139 2709 1213 2748 the
1233 2710 1389 2760 objects
1411 2708 1664 2747 discovered.

286 2783 351 2812 10.
384 2774 525 2816 Quod
556 2777 713 2811 autem
741 2775 999 2821 invenitur,
1025 2774 1129 2811 suit.
1190 2773 1200 2791 ‘
1218 2771 1305 2810 But
1329 2770 1444 2809 what
1463 2771 1498 2809 is
1519 2768 1759 2808 discovered
1778 2773 1892 2807 must

227 2833 401 2885 already
419 2833 528 2872 have
549 2832 785 2873 existence.'

287 2893 348 2932 16.
380 2898 618 2934 ostensor:
662 2907 688 2933 a
717 2893 834 2933 word
865 2893 910 2932 of
944 2893 1138 2944 patristic
1167 2893 1354 2946 latinity,
1394 2906 1418 2931 a
1451 2890 1673 2940 ‘notifier,'
1712 2905 1758 2930 01·
1797 2894 1891 2930 ‘ex-

225 2953 412 2995 hibitor?

286 3018 348 3056 18.
378 3020 515 3056 vacat
536 3029 594 3055 ex
613 3019 701 3056 hac
721 3020 853 3062 parte
873 3029 880 3055 :
905 3018 916 3036 ‘
931 3015 1038 3054 from
1056 3015 1143 3054 this
1163 3016 1283 3066 point
1303 3015 1348 3054 of
1362 3016 1471 3055 view
1490 3015 1610 3054 there
1628 3016 1663 3054 is
1679 3027 1732 3052 no
1744 3027 1890 3053 reason

227 3077 291 3116 for
312 3078 491 3129 eleeting
510 3091 608 3116 men
626 3079 717 3116 into
746 3078 820 3116 the
849 3077 956 3116 rank
976 3076 1020 3115 of
1044 3077 1146 3127 gods
1162 3075 1172 3093 ’
1186 3091 1197 3126 3
1228 3091 1295 3116 see
1315 3081 1427 3127 note,
1450 3078 1511 3115 ch.
1538 3089 1572 3116 1.
1629 3077 1822 3127 Alleyere
1841 3077 1887 3113 in

226 3139 262 3177 is
292 3140 535 3191 constantly
563 3139 664 3178 used
692 3139 748 3192 by
768 3138 992 3178 Suetonius
1021 3140 1085 3178 for
1112 3139 1289 3178 election
1317 3140 1408 3179 into
1438 3152 1549 3178 some
1578 3138 1694 3177 office
1724 3151 1769 3175 or
1797 3150 1882 3175 cor-

223 3201 425 3251 poration,
