<?xml version="1.0" encoding="UTF-8"?>
<!DOCTYPE html PUBLIC "-//W3C//DTD XHTML 1.0 Transitional//EN"
    "http://www.w3.org/TR/xhtml1/DTD/xhtml1-transitional.dtd">
<html xmlns="http://www.w3.org/1999/xhtml" xml:lang="en" lang="en">
 <head>
  <title>
</title>
<meta http-equiv="Content-Type" content="text/html;charset=utf-8" />
  <meta name='ocr-system' content='tesseract 3.04.00' />
  <meta name='ocr-capabilities' content='ocr_page ocr_carea ocr_par ocr_line ocrx_word'/>
</head>
<body>
  <div class='ocr_page' id='page_1' title='image "apologeticusadve00tert_0082.png"; bbox 0 0 2154 3564; ppageno 0'>
   <div class='ocr_carea' id='block_1_1' title="bbox 279 192 1947 261">
    <p class='ocr_par' dir='ltr' id='par_1_1' title="bbox 279 192 1947 261">
     <span class='ocr_line' id='line_1_1' title="bbox 279 192 1947 261; baseline -0.004 -15"><span class='ocrx_word' id='word_1_1' title='bbox 279 209 352 257; x_wconf 85' lang='lat'><strong>44</strong></span> <span class='ocrx_word' id='word_1_2' title='bbox 743 193 1074 246; x_wconf 66' lang='lat' dir='ltr'><em>Tertulliani</em></span> <span class='ocrx_word' id='word_1_3' title='bbox 1107 192 1480 261; x_wconf 71' lang='lat' dir='ltr'><strong>Apologetz&#39;cus</strong></span> <span class='ocrx_word' id='word_1_4' title='bbox 1738 200 1854 253; x_wconf 85' lang='lat' dir='ltr'>[CAP.</span> <span class='ocrx_word' id='word_1_5' title='bbox 1874 203 1947 241; x_wconf 79' lang='lat' dir='ltr'><strong>XI.</strong></span> 
     </span>
    </p>
   </div>
   <div class='ocr_carea' id='block_1_2' title="bbox 216 335 1956 2374">
    <p class='ocr_par' dir='ltr' id='par_1_2' title="bbox 216 335 1956 2374">
     <span class='ocr_line' id='line_1_2' title="bbox 278 335 1949 399; baseline -0.001 -15"><span class='ocrx_word' id='word_1_6' title='bbox 278 336 596 385; x_wconf 89' lang='lat' dir='ltr'><strong>humanitatis</strong></span> <span class='ocrx_word' id='word_1_7' title='bbox 621 335 673 383; x_wconf 88' lang='lat' dir='ltr'><strong>in</strong></span> <span class='ocrx_word' id='word_1_8' title='bbox 697 335 1020 395; x_wconf 89' lang='lat' dir='ltr'><strong>divinitatem,</strong></span> <span class='ocrx_word' id='word_1_9' title='bbox 1048 335 1162 399; x_wconf 83' lang='lat' dir='ltr'><strong>quia</strong></span> <span class='ocrx_word' id='word_1_10' title='bbox 1185 353 1307 399; x_wconf 92' lang='lat' dir='ltr'><strong>quas</strong></span> <span class='ocrx_word' id='word_1_11' title='bbox 1330 336 1430 384; x_wconf 89' lang='lat' dir='ltr'><strong>illis</strong></span> <span class='ocrx_word' id='word_1_12' title='bbox 1462 337 1692 384; x_wconf 88' lang='lat' dir='ltr'><strong>stationes</strong></span> <span class='ocrx_word' id='word_1_13' title='bbox 1718 340 1767 384; x_wconf 94' lang='lat' dir='ltr'><strong>et</strong></span> <span class='ocrx_word' id='word_1_14' title='bbox 1790 339 1949 398; x_wconf 89' lang='lat' dir='ltr'><strong>potes·</strong></span> 
     </span>
     <span class='ocr_line' id='line_1_3' title="bbox 277 417 1948 482; baseline -0.001 -15"><span class='ocrx_word' id='word_1_15' title='bbox 277 424 405 467; x_wconf 90' lang='lat' dir='ltr'><strong>tates</strong></span> <span class='ocrx_word' id='word_1_16' title='bbox 443 418 780 477; x_wconf 68' lang='lat' dir='ltr'><strong>distribuistis,</strong></span> <span class='ocrx_word' id='word_1_17' title='bbox 806 423 909 466; x_wconf 86' lang='lat' dir='ltr'><strong>tam</strong></span> <span class='ocrx_word' id='word_1_18' title='bbox 943 420 1142 466; x_wconf 84' lang='lat' dir='ltr'><strong>fuerunt</strong></span> <span class='ocrx_word' id='word_1_19' title='bbox 1176 419 1238 466; x_wconf 92' lang='lat' dir='ltr'><strong>ab</strong></span> <span class='ocrx_word' id='word_1_20' title='bbox 1275 418 1432 478; x_wconf 90' lang='lat' dir='ltr'><strong>initio,</strong></span> <span class='ocrx_word' id='word_1_21' title='bbox 1465 436 1609 482; x_wconf 85' lang='lat' dir='ltr'><strong>quam</strong></span> <span class='ocrx_word' id='word_1_22' title='bbox 1644 423 1693 467; x_wconf 91' lang='lat' dir='ltr'><strong>et</strong></span> <span class='ocrx_word' id='word_1_23' title='bbox 1728 417 1948 476; x_wconf 87' lang='lat' dir='ltr'><strong>fuissent,</strong></span> 
     </span>
     <span class='ocr_line' id='line_1_4' title="bbox 277 501 1164 550; baseline 0 -1"><span class='ocrx_word' id='word_1_24' title='bbox 277 501 470 550; x_wconf 88' lang='lat' dir='ltr'><strong>etiamsi</strong></span> <span class='ocrx_word' id='word_1_25' title='bbox 495 502 608 549; x_wconf 88' lang='lat' dir='ltr'><strong>deos</strong></span> <span class='ocrx_word' id='word_1_26' title='bbox 633 501 754 549; x_wconf 90' lang='lat' dir='ltr'><strong>istos</strong></span> <span class='ocrx_word' id='word_1_27' title='bbox 778 518 875 548; x_wconf 91' lang='lat' dir='ltr'><strong>non</strong></span> <span class='ocrx_word' id='word_1_28' title='bbox 900 501 1164 549; x_wconf 74' lang='lat' dir='ltr'><strong>creassetis.</strong></span> 
     </span>
     <span class='ocr_line' id='line_1_5' title="bbox 348 582 1950 646; baseline -0.002 -14"><span class='ocrx_word' id='word_1_29' title='bbox 348 584 444 633; x_wconf 78' lang='lat' dir='ltr'><strong>Sed</strong></span> <span class='ocrx_word' id='word_1_30' title='bbox 478 583 818 631; x_wconf 72' lang='lat' dir='ltr'><strong>convertimini</strong></span> <span class='ocrx_word' id='word_1_31' title='bbox 854 583 915 630; x_wconf 92' lang='lat' dir='ltr'><strong>ad</strong></span> <span class='ocrx_word' id='word_1_32' title='bbox 951 600 1168 631; x_wconf 80' lang='lat' dir='ltr'><strong>caussam</strong></span> <span class='ocrx_word' id='word_1_33' title='bbox 1202 583 1359 640; x_wconf 87' lang='lat' dir='ltr'><strong>aliam,</strong></span> <span class='ocrx_word' id='word_1_34' title='bbox 1385 583 1729 646; x_wconf 83' lang='lat' dir='ltr'><strong>respondentes</strong></span> <span class='ocrx_word' id='word_1_35' title='bbox 1765 582 1950 630; x_wconf 81' lang='lat' dir='ltr'><strong>collati-</strong></span> 
     </span>
     <span class='ocr_line' id='line_1_6' title="bbox 240 664 1949 719; baseline -0.001 -6"><span class='ocrx_word' id='word_1_36' title='bbox 240 679 262 719; x_wconf 87' lang='lat'>5</span> <span class='ocrx_word' id='word_1_37' title='bbox 281 683 418 713; x_wconf 91' lang='lat' dir='ltr'><strong>onem</strong></span> <span class='ocrx_word' id='word_1_38' title='bbox 438 665 712 713; x_wconf 89' lang='lat' dir='ltr'><strong>divinitatis</strong></span> <span class='ocrx_word' id='word_1_39' title='bbox 735 665 1023 712; x_wconf 88' lang='lat' dir='ltr'><strong>meritorum</strong></span> <span class='ocrx_word' id='word_1_40' title='bbox 1037 666 1501 713; x_wconf 80' lang='lat' dir='ltr'><strong>remunerandorum</strong></span> <span class='ocrx_word' id='word_1_41' title='bbox 1519 666 1668 713; x_wconf 87' lang='lat' dir='ltr'><strong>fuisse</strong></span> <span class='ocrx_word' id='word_1_42' title='bbox 1693 664 1949 713; x_wconf 88' lang='lat' dir='ltr'><strong>rationem.</strong></span> 
     </span>
     <span class='ocr_line' id='line_1_7' title="bbox 279 746 1951 810; baseline -0.001 -14"><span class='ocrx_word' id='word_1_43' title='bbox 279 750 345 797; x_wconf 88' lang='lat' dir='ltr'><strong>Et</strong></span> <span class='ocrx_word' id='word_1_44' title='bbox 386 748 499 795; x_wconf 88' lang='lat' dir='ltr'><strong>hinc</strong></span> <span class='ocrx_word' id='word_1_45' title='bbox 538 747 824 807; x_wconf 83' lang='lat' dir='ltr'><strong>concedetis,</strong></span> <span class='ocrx_word' id='word_1_46' title='bbox 868 747 1055 810; x_wconf 84' lang='lat' dir='ltr'><strong>opinor,</strong></span> <span class='ocrx_word' id='word_1_47' title='bbox 1099 747 1242 795; x_wconf 90' lang='lat' dir='ltr'><strong>illum</strong></span> <span class='ocrx_word' id='word_1_48' title='bbox 1289 747 1452 794; x_wconf 90' lang='lat' dir='ltr'><strong>Deum</strong></span> <span class='ocrx_word' id='word_1_49' title='bbox 1489 748 1715 795; x_wconf 88' lang='lat' dir='ltr'><strong>deificum</strong></span> <span class='ocrx_word' id='word_1_50' title='bbox 1755 746 1951 810; x_wconf 88' lang='lat' dir='ltr'><strong>justitia</strong></span> 
     </span>
     <span class='ocr_line' id='line_1_8' title="bbox 278 830 1951 894; baseline -0.001 -16"><span class='ocrx_word' id='word_1_51' title='bbox 278 831 579 894; x_wconf 87' lang='lat' dir='ltr'><strong>praecellere,</strong></span> <span class='ocrx_word' id='word_1_52' title='bbox 607 831 693 892; x_wconf 91' lang='lat' dir='ltr'><strong>qui</strong></span> <span class='ocrx_word' id='word_1_53' title='bbox 721 847 808 878; x_wconf 90' lang='lat' dir='ltr'><strong>nec</strong></span> <span class='ocrx_word' id='word_1_54' title='bbox 835 834 1030 887; x_wconf 89' lang='lat' dir='ltr'><strong>temere,</strong></span> <span class='ocrx_word' id='word_1_55' title='bbox 1056 848 1143 878; x_wconf 91' lang='lat' dir='ltr'><strong>nec</strong></span> <span class='ocrx_word' id='word_1_56' title='bbox 1174 830 1374 893; x_wconf 85' lang='lat' dir='ltr'><strong>indigne</strong></span> <span class='ocrx_word' id='word_1_57' title='bbox 1404 847 1491 878; x_wconf 92' lang='lat' dir='ltr'><strong>nec</strong></span> <span class='ocrx_word' id='word_1_58' title='bbox 1525 831 1727 893; x_wconf 84' lang='lat' dir='ltr'><strong>prodige</strong></span> <span class='ocrx_word' id='word_1_59' title='bbox 1755 834 1951 878; x_wconf 89' lang='lat' dir='ltr'><strong>tantum</strong></span> 
     </span>
     <span class='ocr_line' id='line_1_9' title="bbox 279 913 1952 976; baseline -0.001 -15"><span class='ocrx_word' id='word_1_60' title='bbox 279 913 550 976; x_wconf 86' lang='lat' dir='ltr'><strong>praemium</strong></span> <span class='ocrx_word' id='word_1_61' title='bbox 596 913 904 976; x_wconf 86' lang='lat' dir='ltr'><strong>dispensarit.</strong></span> <span class='ocrx_word' id='word_1_62' title='bbox 975 913 1097 960; x_wconf 91' lang='lat' dir='ltr'><strong>Volo</strong></span> <span class='ocrx_word' id='word_1_63' title='bbox 1156 913 1312 975; x_wconf 88' lang='lat' dir='ltr'><strong>igitur</strong></span> <span class='ocrx_word' id='word_1_64' title='bbox 1358 913 1534 960; x_wconf 86' lang='lat' dir='ltr'><strong>merita</strong></span> <span class='ocrx_word' id='word_1_65' title='bbox 1579 929 1840 969; x_wconf 84' lang='lat' dir='ltr'><strong>recensere,</strong></span> <span class='ocrx_word' id='word_1_66' title='bbox 1889 928 1952 959; x_wconf 87' lang='lat' dir='ltr'><strong>an</strong></span> 
     </span>
     <span class='ocr_line' id='line_1_10' title="bbox 280 993 1951 1058; baseline -0.001 -15"><span class='ocrx_word' id='word_1_67' title='bbox 280 996 516 1058; x_wconf 80' lang='lat' dir='ltr'><strong>ejusmodi</strong></span> <span class='ocrx_word' id='word_1_68' title='bbox 552 995 662 1054; x_wconf 87' lang='lat' dir='ltr'><strong>sint,</strong></span> <span class='ocrx_word' id='word_1_69' title='bbox 700 1000 758 1042; x_wconf 90' lang='lat' dir='ltr'><strong>ut</strong></span> <span class='ocrx_word' id='word_1_70' title='bbox 793 996 905 1043; x_wconf 90' lang='lat' dir='ltr'><strong>illos</strong></span> <span class='ocrx_word' id='word_1_71' title='bbox 941 995 994 1041; x_wconf 92' lang='lat' dir='ltr'><strong>in</strong></span> <span class='ocrx_word' id='word_1_72' title='bbox 1030 995 1215 1042; x_wconf 88' lang='lat' dir='ltr'><strong>caelum</strong></span> <span class='ocrx_word' id='word_1_73' title='bbox 1251 995 1533 1054; x_wconf 82' lang='lat' dir='ltr'><strong>extulerint,</strong></span> <span class='ocrx_word' id='word_1_74' title='bbox 1571 999 1621 1042; x_wconf 90' lang='lat' dir='ltr'><strong>et</strong></span> <span class='ocrx_word' id='word_1_75' title='bbox 1655 1011 1750 1042; x_wconf 89' lang='lat' dir='ltr'><strong>non</strong></span> <span class='ocrx_word' id='word_1_76' title='bbox 1787 993 1951 1057; x_wconf 87' lang='lat' dir='ltr'><strong>potius</strong></span> 
     </span>
     <span class='ocr_line' id='line_1_11' title="bbox 216 1077 1952 1141; baseline -0.001 -17"><span class='ocrx_word' id='word_1_77' title='bbox 216 1078 333 1125; x_wconf 87' lang='lat' dir='ltr'><strong>10in</strong></span> <span class='ocrx_word' id='word_1_78' title='bbox 370 1079 521 1125; x_wconf 92' lang='lat' dir='ltr'><strong>imum</strong></span> <span class='ocrx_word' id='word_1_79' title='bbox 557 1082 800 1126; x_wconf 86' lang='lat' dir='ltr'><strong>tartarum</strong></span> <span class='ocrx_word' id='word_1_80' title='bbox 848 1077 1179 1135; x_wconf 85' lang='lat' dir='ltr'><strong>demerserint,</strong></span> <span class='ocrx_word' id='word_1_81' title='bbox 1224 1095 1366 1141; x_wconf 90' lang='lat' dir='ltr'><strong>quem</strong></span> <span class='ocrx_word' id='word_1_82' title='bbox 1404 1094 1641 1125; x_wconf 87' lang='lat' dir='ltr'><strong>carcerem</strong></span> <span class='ocrx_word' id='word_1_83' title='bbox 1687 1094 1952 1140; x_wconf 88' lang='lat' dir='ltr'><strong>poenarum</strong></span> 
     </span>
     <span class='ocr_line' id='line_1_12' title="bbox 279 1158 1954 1208; baseline -0.001 -1"><span class='ocrx_word' id='word_1_84' title='bbox 279 1161 581 1208; x_wconf 89' lang='lat' dir='ltr'><strong>infernarum</strong></span> <span class='ocrx_word' id='word_1_85' title='bbox 627 1178 735 1208; x_wconf 94' lang='lat' dir='ltr'><strong>cum</strong></span> <span class='ocrx_word' id='word_1_86' title='bbox 783 1160 952 1207; x_wconf 90' lang='lat' dir='ltr'><strong>multis</strong></span> <span class='ocrx_word' id='word_1_87' title='bbox 999 1160 1263 1208; x_wconf 88' lang='lat' dir='ltr'><strong>affirmatis.</strong></span> <span class='ocrx_word' id='word_1_88' title='bbox 1357 1160 1482 1207; x_wconf 90' lang='lat' dir='ltr'><strong>Illuc</strong></span> <span class='ocrx_word' id='word_1_89' title='bbox 1541 1160 1671 1207; x_wconf 89' lang='lat' dir='ltr'><strong>enim</strong></span> <span class='ocrx_word' id='word_1_90' title='bbox 1728 1158 1954 1207; x_wconf 86' lang='lat' dir='ltr'><strong>abstrudi</strong></span> 
     </span>
     <span class='ocr_line' id='line_1_13' title="bbox 280 1241 1952 1306; baseline -0.001 -16"><span class='ocrx_word' id='word_1_91' title='bbox 280 1244 437 1290; x_wconf 86' lang='lat' dir='ltr'><strong>solent</strong></span> <span class='ocrx_word' id='word_1_92' title='bbox 459 1242 600 1305; x_wconf 86' lang='lat' dir='ltr'><strong>impii</strong></span> <span class='ocrx_word' id='word_1_93' title='bbox 625 1242 806 1306; x_wconf 85' lang='lat' dir='ltr'><strong>quique</strong></span> <span class='ocrx_word' id='word_1_94' title='bbox 828 1242 881 1288; x_wconf 91' lang='lat' dir='ltr'><strong>in</strong></span> <span class='ocrx_word' id='word_1_95' title='bbox 905 1248 1140 1305; x_wconf 86' lang='lat' dir='ltr'><strong>parentes,</strong></span> <span class='ocrx_word' id='word_1_96' title='bbox 1168 1247 1215 1290; x_wconf 92' lang='lat' dir='ltr'><strong>et</strong></span> <span class='ocrx_word' id='word_1_97' title='bbox 1238 1242 1292 1289; x_wconf 87' lang='lat' dir='ltr'><strong>in</strong></span> <span class='ocrx_word' id='word_1_98' title='bbox 1315 1258 1502 1289; x_wconf 89' lang='lat' dir='ltr'><strong>sorores</strong></span> <span class='ocrx_word' id='word_1_99' title='bbox 1525 1241 1712 1300; x_wconf 80' lang='lat' dir='ltr'><strong>incesti,</strong></span> <span class='ocrx_word' id='word_1_100' title='bbox 1735 1246 1784 1289; x_wconf 89' lang='lat' dir='ltr'><strong>et</strong></span> <span class='ocrx_word' id='word_1_101' title='bbox 1808 1241 1952 1289; x_wconf 86' lang='lat' dir='ltr'><strong>mari-</strong></span> 
     </span>
     <span class='ocr_line' id='line_1_14' title="bbox 279 1322 1951 1388; baseline -0.001 -16"><span class='ocrx_word' id='word_1_102' title='bbox 279 1332 442 1372; x_wconf 86' lang='lat' dir='ltr'><strong>tarum</strong></span> <span class='ocrx_word' id='word_1_103' title='bbox 476 1325 704 1383; x_wconf 87' lang='lat' dir='ltr'><strong>adulteri,</strong></span> <span class='ocrx_word' id='word_1_104' title='bbox 731 1330 779 1371; x_wconf 92' lang='lat' dir='ltr'><strong>et</strong></span> <span class='ocrx_word' id='word_1_105' title='bbox 803 1324 1053 1387; x_wconf 89' lang='lat' dir='ltr'><strong>virginum</strong></span> <span class='ocrx_word' id='word_1_106' title='bbox 1088 1329 1310 1388; x_wconf 84' lang='lat' dir='ltr'><strong>raptores</strong></span> <span class='ocrx_word' id='word_1_107' title='bbox 1347 1329 1396 1372; x_wconf 91' lang='lat' dir='ltr'><strong>et</strong></span> <span class='ocrx_word' id='word_1_108' title='bbox 1429 1341 1694 1388; x_wconf 89' lang='lat' dir='ltr'><strong>puerorum</strong></span> <span class='ocrx_word' id='word_1_109' title='bbox 1719 1322 1951 1372; x_wconf 87' lang='lat' dir='ltr'><strong>contami-</strong></span> 
     </span>
     <span class='ocr_line' id='line_1_15' title="bbox 281 1407 1953 1470; baseline -0.001 -16"><span class='ocrx_word' id='word_1_110' title='bbox 281 1411 487 1465; x_wconf 89' lang='lat' dir='ltr'><strong>natores,</strong></span> <span class='ocrx_word' id='word_1_111' title='bbox 513 1411 561 1454; x_wconf 92' lang='lat' dir='ltr'><strong>et</strong></span> <span class='ocrx_word' id='word_1_112' title='bbox 586 1407 671 1470; x_wconf 91' lang='lat' dir='ltr'><strong>qui</strong></span> <span class='ocrx_word' id='word_1_113' title='bbox 707 1407 944 1466; x_wconf 86' lang='lat' dir='ltr'><strong>saeviunt,</strong></span> <span class='ocrx_word' id='word_1_114' title='bbox 971 1411 1019 1455; x_wconf 91' lang='lat' dir='ltr'><strong>et</strong></span> <span class='ocrx_word' id='word_1_115' title='bbox 1043 1407 1129 1468; x_wconf 94' lang='lat' dir='ltr'><strong>qui</strong></span> <span class='ocrx_word' id='word_1_116' title='bbox 1165 1407 1403 1466; x_wconf 91' lang='lat' dir='ltr'><strong>occidunt,</strong></span> <span class='ocrx_word' id='word_1_117' title='bbox 1430 1411 1479 1455; x_wconf 91' lang='lat' dir='ltr'><strong>et</strong></span> <span class='ocrx_word' id='word_1_118' title='bbox 1515 1407 1602 1469; x_wconf 91' lang='lat' dir='ltr'><strong>qui</strong></span> <span class='ocrx_word' id='word_1_119' title='bbox 1633 1408 1875 1465; x_wconf 80' lang='lat' dir='ltr'><strong>furantur,</strong></span> <span class='ocrx_word' id='word_1_120' title='bbox 1903 1409 1953 1454; x_wconf 90' lang='lat' dir='ltr'><strong>et</strong></span> 
     </span>
     <span class='ocr_line' id='line_1_16' title="bbox 217 1489 1948 1553; baseline -0.001 -16"><span class='ocrx_word' id='word_1_121' title='bbox 217 1505 263 1545; x_wconf 85' lang='lat'><strong>15</strong></span> <span class='ocrx_word' id='word_1_122' title='bbox 281 1490 366 1553; x_wconf 92' lang='lat' dir='ltr'><strong>qui</strong></span> <span class='ocrx_word' id='word_1_123' title='bbox 390 1489 652 1553; x_wconf 87' lang='lat' dir='ltr'><strong>decipiunt,</strong></span> <span class='ocrx_word' id='word_1_124' title='bbox 685 1494 735 1537; x_wconf 93' lang='lat' dir='ltr'><strong>et</strong></span> <span class='ocrx_word' id='word_1_125' title='bbox 760 1489 1052 1552; x_wconf 80' lang='lat' dir='ltr'><strong>quicumque</strong></span> <span class='ocrx_word' id='word_1_126' title='bbox 1090 1489 1270 1536; x_wconf 90' lang='lat' dir='ltr'><strong>similes</strong></span> <span class='ocrx_word' id='word_1_127' title='bbox 1295 1495 1410 1536; x_wconf 88' lang='lat' dir='ltr'><strong>sunt</strong></span> <span class='ocrx_word' id='word_1_128' title='bbox 1448 1489 1654 1551; x_wconf 89' lang='lat' dir='ltr'><strong>alicujus</strong></span> <span class='ocrx_word' id='word_1_129' title='bbox 1679 1489 1757 1536; x_wconf 88' lang='lat' dir='ltr'><strong>dei</strong></span> <span class='ocrx_word' id='word_1_130' title='bbox 1781 1489 1948 1548; x_wconf 90' lang='lat' dir='ltr'><strong>vestri,</strong></span> 
     </span>
     <span class='ocr_line' id='line_1_17' title="bbox 280 1570 1950 1634; baseline -0.001 -14"><span class='ocrx_word' id='word_1_131' title='bbox 280 1589 422 1634; x_wconf 93' lang='lat' dir='ltr'><strong>quem</strong></span> <span class='ocrx_word' id='word_1_132' title='bbox 445 1572 684 1633; x_wconf 89' lang='lat' dir='ltr'><strong>neminem</strong></span> <span class='ocrx_word' id='word_1_133' title='bbox 698 1571 945 1633; x_wconf 89' lang='lat' dir='ltr'><strong>integrum</strong></span> <span class='ocrx_word' id='word_1_134' title='bbox 970 1589 999 1619; x_wconf 88' lang='lat' dir='ltr'><strong>a</strong></span> <span class='ocrx_word' id='word_1_135' title='bbox 1018 1571 1220 1619; x_wconf 85' lang='lat' dir='ltr'><strong>crimine</strong></span> <span class='ocrx_word' id='word_1_136' title='bbox 1244 1576 1331 1619; x_wconf 91' lang='lat' dir='ltr'><strong>aut</strong></span> <span class='ocrx_word' id='word_1_137' title='bbox 1346 1571 1468 1619; x_wconf 86' lang='lat' dir='ltr'><strong>vitio</strong></span> <span class='ocrx_word' id='word_1_138' title='bbox 1483 1573 1688 1634; x_wconf 86' lang='lat' dir='ltr'><strong>probare</strong></span> <span class='ocrx_word' id='word_1_139' title='bbox 1707 1570 1950 1633; x_wconf 87' lang='lat' dir='ltr'><strong>poteritis,</strong></span> 
     </span>
     <span class='ocr_line' id='line_1_18' title="bbox 280 1653 1953 1717; baseline -0.001 -15"><span class='ocrx_word' id='word_1_140' title='bbox 280 1654 377 1702; x_wconf 88' lang='lat' dir='ltr'><strong>nisi</strong></span> <span class='ocrx_word' id='word_1_141' title='bbox 413 1654 656 1702; x_wconf 90' lang='lat' dir='ltr'><strong>hominem</strong></span> <span class='ocrx_word' id='word_1_142' title='bbox 686 1653 995 1717; x_wconf 81' lang='lat' dir='ltr'><strong>negaveritis.</strong></span> <span class='ocrx_word' id='word_1_143' title='bbox 1066 1653 1260 1716; x_wconf 85' lang='lat' dir='ltr'><strong>Atquin</strong></span> <span class='ocrx_word' id='word_1_144' title='bbox 1300 1658 1358 1701; x_wconf 93' lang='lat' dir='ltr'><strong>ut</strong></span> <span class='ocrx_word' id='word_1_145' title='bbox 1395 1653 1505 1701; x_wconf 87' lang='lat' dir='ltr'><strong>illos</strong></span> <span class='ocrx_word' id='word_1_146' title='bbox 1548 1653 1764 1700; x_wconf 90' lang='lat' dir='ltr'><strong>homines</strong></span> <span class='ocrx_word' id='word_1_147' title='bbox 1805 1653 1953 1701; x_wconf 88' lang='lat' dir='ltr'><strong>fuisse</strong></span> 
     </span>
     <span class='ocr_line' id='line_1_19' title="bbox 281 1735 1952 1799; baseline -0.001 -16"><span class='ocrx_word' id='word_1_148' title='bbox 281 1754 377 1783; x_wconf 89' lang='lat' dir='ltr'><strong>non</strong></span> <span class='ocrx_word' id='word_1_149' title='bbox 412 1736 618 1799; x_wconf 87' lang='lat' dir='ltr'><strong>potestis</strong></span> <span class='ocrx_word' id='word_1_150' title='bbox 654 1752 843 1799; x_wconf 86' lang='lat' dir='ltr'><strong>negare,</strong></span> <span class='ocrx_word' id='word_1_151' title='bbox 882 1735 1030 1782; x_wconf 89' lang='lat' dir='ltr'><strong>etiam</strong></span> <span class='ocrx_word' id='word_1_152' title='bbox 1071 1736 1193 1784; x_wconf 85' lang='lat' dir='ltr'><strong>istae</strong></span> <span class='ocrx_word' id='word_1_153' title='bbox 1229 1741 1372 1784; x_wconf 90' lang='lat' dir='ltr'><strong>notae</strong></span> <span class='ocrx_word' id='word_1_154' title='bbox 1409 1736 1660 1795; x_wconf 86' lang='lat' dir='ltr'><strong>accedunt,</strong></span> <span class='ocrx_word' id='word_1_155' title='bbox 1700 1752 1824 1798; x_wconf 91' lang='lat' dir='ltr'><strong>quae</strong></span> <span class='ocrx_word' id='word_1_156' title='bbox 1865 1752 1952 1782; x_wconf 90' lang='lat' dir='ltr'><strong>nec</strong></span> 
     </span>
     <span class='ocr_line' id='line_1_20' title="bbox 281 1817 1954 1881; baseline -0.001 -15"><span class='ocrx_word' id='word_1_157' title='bbox 281 1820 393 1867; x_wconf 90' lang='lat' dir='ltr'><strong>deos</strong></span> <span class='ocrx_word' id='word_1_158' title='bbox 428 1822 598 1881; x_wconf 88' lang='lat' dir='ltr'><strong>postea</strong></span> <span class='ocrx_word' id='word_1_159' title='bbox 633 1819 784 1865; x_wconf 85' lang='lat' dir='ltr'><strong>factos</strong></span> <span class='ocrx_word' id='word_1_160' title='bbox 820 1817 952 1864; x_wconf 88' lang='lat' dir='ltr'><strong>credi</strong></span> <span class='ocrx_word' id='word_1_161' title='bbox 987 1818 1297 1880; x_wconf 87' lang='lat' dir='ltr'><strong>permittunt.</strong></span> <span class='ocrx_word' id='word_1_162' title='bbox 1381 1818 1435 1866; x_wconf 75' lang='lat' dir='ltr'><strong>Si</strong></span> <span class='ocrx_word' id='word_1_163' title='bbox 1472 1818 1603 1865; x_wconf 90' lang='lat' dir='ltr'><strong>enim</strong></span> <span class='ocrx_word' id='word_1_164' title='bbox 1644 1817 1827 1865; x_wconf 86' lang='lat' dir='ltr'><strong>talibus</strong></span> <span class='ocrx_word' id='word_1_165' title='bbox 1869 1834 1954 1865; x_wconf 92' lang='lat' dir='ltr'><strong>vos</strong></span> 
     </span>
     <span class='ocr_line' id='line_1_21' title="bbox 217 1899 1954 1965; baseline -0.002 -16"><span class='ocrx_word' id='word_1_166' title='bbox 217 1923 266 1949; x_wconf 87' lang='lat'><strong>20</strong></span> <span class='ocrx_word' id='word_1_167' title='bbox 282 1901 541 1965; x_wconf 87' lang='lat' dir='ltr'><strong>puniendis</strong></span> <span class='ocrx_word' id='word_1_168' title='bbox 564 1900 864 1964; x_wconf 82' lang='lat' dir='ltr'><strong>praesidetis,</strong></span> <span class='ocrx_word' id='word_1_169' title='bbox 891 1899 931 1947; x_wconf 92' lang='lat' dir='ltr'><strong>si</strong></span> <span class='ocrx_word' id='word_1_170' title='bbox 964 1901 1315 1958; x_wconf 89' lang='lat' dir='ltr'><strong>commercium,</strong></span> <span class='ocrx_word' id='word_1_171' title='bbox 1342 1900 1652 1962; x_wconf 89' lang='lat' dir='ltr'><strong>colloquium,</strong></span> <span class='ocrx_word' id='word_1_172' title='bbox 1679 1900 1954 1948; x_wconf 89' lang='lat' dir='ltr'><strong>convictum</strong></span> 
     </span>
     <span class='ocr_line' id='line_1_22' title="bbox 283 1981 1954 2045; baseline -0.001 -15"><span class='ocrx_word' id='word_1_173' title='bbox 283 1984 521 2031; x_wconf 90' lang='lat' dir='ltr'><strong>malorum</strong></span> <span class='ocrx_word' id='word_1_174' title='bbox 557 1986 607 2029; x_wconf 89' lang='lat' dir='ltr'><strong>et</strong></span> <span class='ocrx_word' id='word_1_175' title='bbox 641 1982 866 2044; x_wconf 88' lang='lat' dir='ltr'><strong>turpium</strong></span> <span class='ocrx_word' id='word_1_176' title='bbox 901 1981 1045 2044; x_wconf 83' lang='lat' dir='ltr'><strong>probi</strong></span> <span class='ocrx_word' id='word_1_177' title='bbox 1081 1982 1266 2045; x_wconf 91' lang='lat' dir='ltr'><strong>quique</strong></span> <span class='ocrx_word' id='word_1_178' title='bbox 1303 1982 1552 2045; x_wconf 88' lang='lat' dir='ltr'><strong>respuitis,</strong></span> <span class='ocrx_word' id='word_1_179' title='bbox 1578 1982 1752 2030; x_wconf 87' lang='lat' dir='ltr'><strong>horum</strong></span> <span class='ocrx_word' id='word_1_180' title='bbox 1788 1986 1954 2029; x_wconf 87' lang='lat' dir='ltr'><strong>autem</strong></span> 
     </span>
     <span class='ocr_line' id='line_1_23' title="bbox 282 2063 1954 2127; baseline -0.001 -15"><span class='ocrx_word' id='word_1_181' title='bbox 282 2082 418 2127; x_wconf 87' lang='lat' dir='ltr'><strong>pares</strong></span> <span class='ocrx_word' id='word_1_182' title='bbox 456 2065 589 2112; x_wconf 90' lang='lat' dir='ltr'><strong>Deus</strong></span> <span class='ocrx_word' id='word_1_183' title='bbox 625 2065 709 2112; x_wconf 91' lang='lat' dir='ltr'><strong>ille</strong></span> <span class='ocrx_word' id='word_1_184' title='bbox 745 2064 1015 2127; x_wconf 88' lang='lat' dir='ltr'><strong>majestatis</strong></span> <span class='ocrx_word' id='word_1_185' title='bbox 1040 2081 1154 2112; x_wconf 91' lang='lat' dir='ltr'><strong>suae</strong></span> <span class='ocrx_word' id='word_1_186' title='bbox 1190 2064 1431 2112; x_wconf 87' lang='lat' dir='ltr'><strong>consortio</strong></span> <span class='ocrx_word' id='word_1_187' title='bbox 1467 2064 1656 2123; x_wconf 90' lang='lat' dir='ltr'><strong>ascivit,</strong></span> <span class='ocrx_word' id='word_1_188' title='bbox 1683 2063 1803 2125; x_wconf 91' lang='lat' dir='ltr'><strong>quid</strong></span> <span class='ocrx_word' id='word_1_189' title='bbox 1839 2080 1954 2126; x_wconf 89' lang='lat' dir='ltr'><strong>ergo</strong></span> 
     </span>
     <span class='ocr_line' id='line_1_24' title="bbox 283 2144 1955 2210; baseline -0.001 -17"><span class='ocrx_word' id='word_1_190' title='bbox 283 2146 538 2207; x_wconf 87' lang='lat' dir='ltr'><strong>damnatis,</strong></span> <span class='ocrx_word' id='word_1_191' title='bbox 584 2163 788 2210; x_wconf 90' lang='lat' dir='ltr'><strong>quorum</strong></span> <span class='ocrx_word' id='word_1_192' title='bbox 836 2146 1045 2208; x_wconf 88' lang='lat' dir='ltr'><strong>collegas</strong></span> <span class='ocrx_word' id='word_1_193' title='bbox 1094 2145 1311 2194; x_wconf 88' lang='lat' dir='ltr'><strong>adoratis</strong></span> <span class='ocrx_word' id='word_1_194' title='bbox 1332 2148 1348 2193; x_wconf 70' lang='lat'><strong>¹2</strong></span> <span class='ocrx_word' id='word_1_195' title='bbox 1439 2144 1732 2208; x_wconf 77' lang='lat' dir='ltr'><strong>Suggillatio</strong></span> <span class='ocrx_word' id='word_1_196' title='bbox 1780 2150 1854 2193; x_wconf 90' lang='lat' dir='ltr'><strong>est</strong></span> <span class='ocrx_word' id='word_1_197' title='bbox 1901 2145 1955 2192; x_wconf 88' lang='lat' dir='ltr'><strong>in</strong></span> 
     </span>
     <span class='ocr_line' id='line_1_25' title="bbox 282 2227 1956 2292; baseline -0.001 -16"><span class='ocrx_word' id='word_1_198' title='bbox 282 2229 413 2276; x_wconf 90' lang='lat' dir='ltr'><strong>caelo</strong></span> <span class='ocrx_word' id='word_1_199' title='bbox 439 2235 600 2277; x_wconf 86' lang='lat' dir='ltr'><strong>vestra</strong></span> <span class='ocrx_word' id='word_1_200' title='bbox 620 2228 831 2292; x_wconf 85' lang='lat' dir='ltr'><strong>justitia.</strong></span> <span class='ocrx_word' id='word_1_201' title='bbox 868 2228 997 2276; x_wconf 92' lang='lat' dir='ltr'><strong>Deos</strong></span> <span class='ocrx_word' id='word_1_202' title='bbox 1027 2227 1171 2275; x_wconf 86' lang='lat' dir='ltr'><strong>facite</strong></span> <span class='ocrx_word' id='word_1_203' title='bbox 1204 2227 1618 2275; x_wconf 86' lang='lat' dir='ltr'><strong>criminosissimos</strong></span> <span class='ocrx_word' id='word_1_204' title='bbox 1643 2244 1870 2290; x_wconf 89' lang='lat' dir='ltr'><strong>quosque,</strong></span> <span class='ocrx_word' id='word_1_205' title='bbox 1898 2231 1956 2274; x_wconf 92' lang='lat' dir='ltr'><strong>ut</strong></span> 
     </span>
     <span class='ocr_line' id='line_1_26' title="bbox 219 2309 1955 2374; baseline -0.001 -16"><span class='ocrx_word' id='word_1_206' title='bbox 219 2333 265 2372; x_wconf 85' lang='lat'><strong>25</strong></span> <span class='ocrx_word' id='word_1_207' title='bbox 282 2311 513 2374; x_wconf 88' lang='lat' dir='ltr'><strong>placeatis</strong></span> <span class='ocrx_word' id='word_1_208' title='bbox 550 2311 644 2359; x_wconf 90' lang='lat' dir='ltr'><strong>diis</strong></span> <span class='ocrx_word' id='word_1_209' title='bbox 678 2310 868 2360; x_wconf 89' lang='lat' dir='ltr'><strong>vestris.</strong></span> <span class='ocrx_word' id='word_1_210' title='bbox 939 2310 1148 2357; x_wconf 89' lang='lat' dir='ltr'><strong>Illorum</strong></span> <span class='ocrx_word' id='word_1_211' title='bbox 1183 2314 1258 2358; x_wconf 92' lang='lat' dir='ltr'><strong>est</strong></span> <span class='ocrx_word' id='word_1_212' title='bbox 1293 2309 1445 2357; x_wconf 90' lang='lat' dir='ltr'><strong>honor</strong></span> <span class='ocrx_word' id='word_1_213' title='bbox 1481 2309 1776 2357; x_wconf 87' lang='lat' dir='ltr'><strong>consecratio</strong></span> <span class='ocrx_word' id='word_1_214' title='bbox 1822 2326 1955 2357; x_wconf 89' lang='lat' dir='ltr'><strong>coae-</strong></span> 
     </span>
    </p>
   </div>
   <div class='ocr_carea' id='block_1_3' title="bbox 285 2467 1962 3260">
    <p class='ocr_par' dir='ltr' id='par_1_3' title="bbox 285 2467 1962 2830">
     <span class='ocr_line' id='line_1_27' title="bbox 339 2467 1957 2522; baseline -0.001 -14"><span class='ocrx_word' id='word_1_215' title='bbox 339 2484 377 2522; x_wconf 90' lang='lat'><strong>4.</strong></span> <span class='ocrx_word' id='word_1_216' title='bbox 412 2473 505 2509; x_wconf 87' lang='lat' dir='ltr'><strong>Sed</strong></span> <span class='ocrx_word' id='word_1_217' title='bbox 534 2471 885 2509; x_wconf 85' lang='lat' dir='ltr'><strong>convertimini.</strong></span> <span class='ocrx_word' id='word_1_218' title='bbox 943 2468 1075 2507; x_wconf 87' lang='lat' dir='ltr'><strong>Third</strong></span> <span class='ocrx_word' id='word_1_219' title='bbox 1087 2468 1271 2507; x_wconf 87' lang='lat' dir='ltr'><strong>heathen</strong></span> <span class='ocrx_word' id='word_1_220' title='bbox 1283 2468 1379 2519; x_wconf 87' lang='lat' dir='ltr'><strong>plea</strong></span> <span class='ocrx_word' id='word_1_221' title='bbox 1399 2481 1408 2506; x_wconf 82' lang='lat' dir='ltr'><strong>t</strong></span> <span class='ocrx_word' id='word_1_222' title='bbox 1439 2470 1450 2489; x_wconf 89' lang='lat'>‘</span> <span class='ocrx_word' id='word_1_223' title='bbox 1463 2467 1583 2519; x_wconf 90' lang='lat' dir='ltr'><strong>They</strong></span> <span class='ocrx_word' id='word_1_224' title='bbox 1601 2481 1710 2507; x_wconf 87' lang='lat' dir='ltr'><strong>were</strong></span> <span class='ocrx_word' id='word_1_225' title='bbox 1741 2467 1892 2506; x_wconf 87' lang='lat' dir='ltr'><strong>deified</strong></span> <span class='ocrx_word' id='word_1_226' title='bbox 1912 2481 1957 2507; x_wconf 86' lang='lat' dir='ltr'><strong>as</strong></span> 
     </span>
     <span class='ocr_line' id='line_1_28' title="bbox 285 2529 1956 2582; baseline 0 -12"><span class='ocrx_word' id='word_1_227' title='bbox 285 2545 310 2570; x_wconf 88' lang='lat' dir='ltr'><strong>a</strong></span> <span class='ocrx_word' id='word_1_228' title='bbox 328 2532 491 2571; x_wconf 85' lang='lat' dir='ltr'><strong>reward</strong></span> <span class='ocrx_word' id='word_1_229' title='bbox 511 2531 556 2571; x_wconf 88' lang='lat' dir='ltr'><strong>of</strong></span> <span class='ocrx_word' id='word_1_230' title='bbox 571 2531 684 2571; x_wconf 87' lang='lat' dir='ltr'><strong>their</strong></span> <span class='ocrx_word' id='word_1_231' title='bbox 702 2529 875 2570; x_wconf 61' lang='lat' dir='ltr'><strong>merits?</strong></span> <span class='ocrx_word' id='word_1_232' title='bbox 930 2532 1170 2570; x_wconf 87' lang='lat' dir='ltr'><strong>Tertullian</strong></span> <span class='ocrx_word' id='word_1_233' title='bbox 1198 2531 1349 2582; x_wconf 89' lang='lat' dir='ltr'><strong>replies</strong></span> <span class='ocrx_word' id='word_1_234' title='bbox 1378 2531 1475 2569; x_wconf 88' lang='lat' dir='ltr'><strong>that</strong></span> <span class='ocrx_word' id='word_1_235' title='bbox 1503 2531 1577 2569; x_wconf 89' lang='lat' dir='ltr'><strong>the</strong></span> <span class='ocrx_word' id='word_1_236' title='bbox 1607 2531 1787 2581; x_wconf 88' lang='lat' dir='ltr'><strong>impious</strong></span> <span class='ocrx_word' id='word_1_237' title='bbox 1807 2531 1956 2570; x_wconf 85' lang='lat' dir='ltr'><strong>crimes</strong></span> 
     </span>
     <span class='ocr_line' id='line_1_29' title="bbox 287 2592 1955 2645; baseline -0.001 -13"><span class='ocrx_word' id='word_1_238' title='bbox 287 2593 332 2632; x_wconf 83' lang='lat' dir='ltr'><strong>of</strong></span> <span class='ocrx_word' id='word_1_239' title='bbox 346 2594 483 2632; x_wconf 89' lang='lat' dir='ltr'><strong>which</strong></span> <span class='ocrx_word' id='word_1_240' title='bbox 503 2593 606 2645; x_wconf 84' lang='lat' dir='ltr'><strong>they</strong></span> <span class='ocrx_word' id='word_1_241' title='bbox 625 2607 733 2632; x_wconf 88' lang='lat' dir='ltr'><strong>were</strong></span> <span class='ocrx_word' id='word_1_242' title='bbox 751 2593 892 2644; x_wconf 82' lang='lat' dir='ltr'><strong>guilty</strong></span> <span class='ocrx_word' id='word_1_243' title='bbox 910 2593 1113 2632; x_wconf 86' lang='lat' dir='ltr'><strong>rendered</strong></span> <span class='ocrx_word' id='word_1_244' title='bbox 1132 2593 1251 2631; x_wconf 91' lang='lat' dir='ltr'><strong>them</strong></span> <span class='ocrx_word' id='word_1_245' title='bbox 1270 2592 1438 2643; x_wconf 87' lang='lat' dir='ltr'><strong>worthy</strong></span> <span class='ocrx_word' id='word_1_246' title='bbox 1459 2592 1504 2631; x_wconf 91' lang='lat' dir='ltr'><strong>of</strong></span> <span class='ocrx_word' id='word_1_247' title='bbox 1526 2592 1735 2643; x_wconf 86' lang='lat' dir='ltr'><strong>anything</strong></span> <span class='ocrx_word' id='word_1_248' title='bbox 1761 2593 1840 2631; x_wconf 90' lang='lat' dir='ltr'><strong>but</strong></span> <span class='ocrx_word' id='word_1_249' title='bbox 1870 2592 1955 2630; x_wconf 90' lang='lat' dir='ltr'><strong>dei—</strong></span> 
     </span>
     <span class='ocr_line' id='line_1_30' title="bbox 285 2652 1962 2703; baseline -0.001 -10"><span class='ocrx_word' id='word_1_250' title='bbox 285 2655 480 2703; x_wconf 89' lang='lat' dir='ltr'><strong>fication;</strong></span> <span class='ocrx_word' id='word_1_251' title='bbox 514 2655 636 2694; x_wconf 89' lang='lat' dir='ltr'><strong>while</strong></span> <span class='ocrx_word' id='word_1_252' title='bbox 665 2655 702 2693; x_wconf 83' lang='lat' dir='ltr'><strong>if</strong></span> <span class='ocrx_word' id='word_1_253' title='bbox 730 2656 890 2694; x_wconf 87' lang='lat' dir='ltr'><strong>certain</strong></span> <span class='ocrx_word' id='word_1_254' title='bbox 918 2656 1081 2694; x_wconf 88' lang='lat' dir='ltr'><strong>virtues</strong></span> <span class='ocrx_word' id='word_1_255' title='bbox 1110 2655 1162 2694; x_wconf 88' lang='lat' dir='ltr'><strong>be</strong></span> <span class='ocrx_word' id='word_1_256' title='bbox 1190 2653 1401 2693; x_wconf 87' lang='lat' dir='ltr'><strong>conceded</strong></span> <span class='ocrx_word' id='word_1_257' title='bbox 1429 2654 1562 2703; x_wconf 91' lang='lat' dir='ltr'><strong>them,</strong></span> <span class='ocrx_word' id='word_1_258' title='bbox 1592 2654 1657 2692; x_wconf 90' lang='lat' dir='ltr'><strong>for</strong></span> <span class='ocrx_word' id='word_1_259' title='bbox 1684 2654 1758 2692; x_wconf 85' lang='lat' dir='ltr'><strong>the</strong></span> <span class='ocrx_word' id='word_1_260' title='bbox 1788 2653 1886 2692; x_wconf 88' lang='lat' dir='ltr'><strong>sake</strong></span> <span class='ocrx_word' id='word_1_261' title='bbox 1916 2652 1962 2691; x_wconf 84' lang='lat' dir='ltr'><strong>of</strong></span> 
     </span>
     <span class='ocr_line' id='line_1_31' title="bbox 288 2713 1957 2767; baseline 0 -14"><span class='ocrx_word' id='word_1_262' title='bbox 288 2720 523 2767; x_wconf 86' lang='lat' dir='ltr'><strong>argument,</strong></span> <span class='ocrx_word' id='word_1_263' title='bbox 544 2717 682 2756; x_wconf 89' lang='lat' dir='ltr'><strong>better</strong></span> <span class='ocrx_word' id='word_1_264' title='bbox 700 2731 798 2755; x_wconf 89' lang='lat' dir='ltr'><strong>men</strong></span> <span class='ocrx_word' id='word_1_265' title='bbox 817 2718 926 2756; x_wconf 90' lang='lat' dir='ltr'><strong>have</strong></span> <span class='ocrx_word' id='word_1_266' title='bbox 959 2718 1067 2756; x_wconf 88' lang='lat' dir='ltr'><strong>been</strong></span> <span class='ocrx_word' id='word_1_267' title='bbox 1097 2716 1358 2755; x_wconf 87' lang='lat' dir='ltr'><strong>overlooked.</strong></span> <span class='ocrx_word' id='word_1_268' title='bbox 1418 2716 1561 2767; x_wconf 85' lang='lat' dir='ltr'><strong>Comp.</strong></span> <span class='ocrx_word' id='word_1_269' title='bbox 1583 2713 1863 2755; x_wconf 86' lang='lat' dir='ltr'><strong>Athanasius&#39;</strong></span> <span class='ocrx_word' id='word_1_270' title='bbox 1883 2728 1957 2753; x_wconf 88' lang='lat' dir='ltr'><strong>use</strong></span> 
     </span>
     <span class='ocr_line' id='line_1_32' title="bbox 288 2777 1232 2830; baseline 0.001 -15"><span class='ocrx_word' id='word_1_271' title='bbox 288 2777 333 2815; x_wconf 90' lang='lat' dir='ltr'><strong>of</strong></span> <span class='ocrx_word' id='word_1_272' title='bbox 348 2778 421 2816; x_wconf 89' lang='lat' dir='ltr'><strong>the</strong></span> <span class='ocrx_word' id='word_1_273' title='bbox 441 2791 555 2816; x_wconf 87' lang='lat' dir='ltr'><strong>same</strong></span> <span class='ocrx_word' id='word_1_274' title='bbox 574 2783 808 2830; x_wconf 85' lang='lat' dir='ltr'><strong>argument,</strong></span> <span class='ocrx_word' id='word_1_275' title='bbox 833 2783 962 2818; x_wconf 76' lang='lat' dir='ltr'><strong>contr.</strong></span> <span class='ocrx_word' id='word_1_276' title='bbox 992 2779 1147 2818; x_wconf 73' lang='lat' dir='ltr'><strong>Gentes</strong></span> <span class='ocrx_word' id='word_1_277' title='bbox 1171 2778 1232 2817; x_wconf 86' lang='lat'><strong>18.</strong></span> 
     </span>
    </p>

    <p class='ocr_par' dir='ltr' id='par_1_4' title="bbox 288 2836 1956 3001">
     <span class='ocr_line' id='line_1_33' title="bbox 347 2836 1956 2892; baseline -0.001 -16"><span class='ocrx_word' id='word_1_278' title='bbox 347 2850 407 2877; x_wconf 87' lang='lat'><strong>11.</strong></span> <span class='ocrx_word' id='word_1_279' title='bbox 439 2852 545 2878; x_wconf 85' lang='lat' dir='ltr'><strong>cum</strong></span> <span class='ocrx_word' id='word_1_280' title='bbox 579 2843 770 2879; x_wconf 86' lang='lat' dir='ltr'><strong>multis:</strong></span> <span class='ocrx_word' id='word_1_281' title='bbox 801 2842 910 2892; x_wconf 83' lang='lat' dir='ltr'><strong>‘you</strong></span> <span class='ocrx_word' id='word_1_282' title='bbox 935 2840 1040 2879; x_wconf 90' lang='lat' dir='ltr'><strong>with</strong></span> <span class='ocrx_word' id='word_1_283' title='bbox 1069 2853 1198 2891; x_wconf 85' lang='lat' dir='ltr'><strong>many</strong></span> <span class='ocrx_word' id='word_1_284' title='bbox 1227 2839 1369 2878; x_wconf 87' lang='lat' dir='ltr'><strong>others</strong></span> <span class='ocrx_word' id='word_1_285' title='bbox 1387 2836 1421 2886; x_wconf 82' lang='lat'><strong>&#39;3</strong></span> <span class='ocrx_word' id='word_1_286' title='bbox 1450 2839 1528 2877; x_wconf 90' lang='lat' dir='ltr'><strong>but</strong></span> <span class='ocrx_word' id='word_1_287' title='bbox 1558 2838 1633 2877; x_wconf 87' lang='lat' dir='ltr'><strong>the</strong></span> <span class='ocrx_word' id='word_1_288' title='bbox 1658 2837 1834 2887; x_wconf 86' lang='lat' dir='ltr'><strong>reading</strong></span> <span class='ocrx_word' id='word_1_289' title='bbox 1864 2849 1956 2874; x_wconf 77' lang='lat' dir='ltr'><strong>cum</strong></span> 
     </span>
     <span class='ocr_line' id='line_1_34' title="bbox 288 2897 1954 2952; baseline 0 -15"><span class='ocrx_word' id='word_1_290' title='bbox 288 2901 436 2948; x_wconf 73' lang='lat' dir='ltr'><strong>vultis,</strong></span> <span class='ocrx_word' id='word_1_291' title='bbox 473 2902 484 2921; x_wconf 86' lang='lat'>‘</span> <span class='ocrx_word' id='word_1_292' title='bbox 498 2901 621 2939; x_wconf 85' lang='lat' dir='ltr'><strong>when</strong></span> <span class='ocrx_word' id='word_1_293' title='bbox 658 2915 741 2952; x_wconf 89' lang='lat' dir='ltr'><strong>you</strong></span> <span class='ocrx_word' id='word_1_294' title='bbox 778 2902 913 2941; x_wconf 88' lang='lat' dir='ltr'><strong>admit</strong></span> <span class='ocrx_word' id='word_1_295' title='bbox 951 2901 1163 2952; x_wconf 88' lang='lat' dir='ltr'><strong>anything</strong></span> <span class='ocrx_word' id='word_1_296' title='bbox 1201 2914 1254 2939; x_wconf 91' lang='lat' dir='ltr'><strong>on</strong></span> <span class='ocrx_word' id='word_1_297' title='bbox 1292 2901 1364 2940; x_wconf 86' lang='lat' dir='ltr'><strong>the</strong></span> <span class='ocrx_word' id='word_1_298' title='bbox 1401 2901 1564 2952; x_wconf 84' lang='lat' dir='ltr'><strong>subject</strong></span> <span class='ocrx_word' id='word_1_299' title='bbox 1596 2905 1641 2939; x_wconf 87' lang='lat' dir='ltr'><strong>at</strong></span> <span class='ocrx_word' id='word_1_300' title='bbox 1672 2897 1760 2949; x_wconf 86' lang='lat' dir='ltr'><strong>all,’</strong></span> <span class='ocrx_word' id='word_1_301' title='bbox 1791 2900 1826 2938; x_wconf 89' lang='lat' dir='ltr'><strong>is</strong></span> <span class='ocrx_word' id='word_1_302' title='bbox 1863 2912 1954 2950; x_wconf 86' lang='lat' dir='ltr'><strong>pre-</strong></span> 
     </span>
     <span class='ocr_line' id='line_1_35' title="bbox 289 2962 458 3001; baseline 0.012 -2"><span class='ocrx_word' id='word_1_303' title='bbox 289 2962 458 3001; x_wconf 86' lang='lat' dir='ltr'><strong>ferable.</strong></span> 
     </span>
    </p>

    <p class='ocr_par' dir='ltr' id='par_1_5' title="bbox 288 3021 1954 3137">
     <span class='ocr_line' id='line_1_36' title="bbox 349 3021 1954 3075; baseline -0.001 -14"><span class='ocrx_word' id='word_1_304' title='bbox 349 3035 410 3062; x_wconf 87' lang='lat'><strong>12.</strong></span> <span class='ocrx_word' id='word_1_305' title='bbox 441 3026 617 3062; x_wconf 86' lang='lat' dir='ltr'><strong>solent:</strong></span> <span class='ocrx_word' id='word_1_306' title='bbox 639 3024 649 3044; x_wconf 92' lang='lat'>‘</span> <span class='ocrx_word' id='word_1_307' title='bbox 665 3037 735 3062; x_wconf 86' lang='lat' dir='ltr'><strong>are</strong></span> <span class='ocrx_word' id='word_1_308' title='bbox 756 3024 1022 3063; x_wconf 84' lang='lat' dir='ltr'><strong>accustomed</strong></span> <span class='ocrx_word' id='word_1_309' title='bbox 1034 3028 1078 3063; x_wconf 84' lang='lat' dir='ltr'><strong>to</strong></span> <span class='ocrx_word' id='word_1_310' title='bbox 1096 3024 1149 3062; x_wconf 88' lang='lat' dir='ltr'><strong>be</strong></span> <span class='ocrx_word' id='word_1_311' title='bbox 1168 3024 1310 3062; x_wconf 86' lang='lat' dir='ltr'><strong>thrust</strong></span> <span class='ocrx_word' id='word_1_312' title='bbox 1323 3021 1333 3038; x_wconf 87' lang='grc'><strong><em>’</em></strong></span> <span class='ocrx_word' id='word_1_313' title='bbox 1348 3036 1359 3071; x_wconf 85' lang='grc'>;</span> <span class='ocrx_word' id='word_1_314' title='bbox 1389 3024 1417 3062; x_wconf 82' lang='lat' dir='ltr'><strong>i.</strong></span> <span class='ocrx_word' id='word_1_315' title='bbox 1437 3036 1468 3062; x_wconf 81' lang='lat' dir='ltr'><strong>e.</strong></span> <span class='ocrx_word' id='word_1_316' title='bbox 1490 3024 1548 3075; x_wconf 84' lang='lat' dir='ltr'><strong>by</strong></span> <span class='ocrx_word' id='word_1_317' title='bbox 1559 3035 1663 3074; x_wconf 89' lang='lat' dir='ltr'><strong>your</strong></span> <span class='ocrx_word' id='word_1_318' title='bbox 1675 3022 1839 3061; x_wconf 86' lang='lat' dir='ltr'><strong>writers</strong></span> <span class='ocrx_word' id='word_1_319' title='bbox 1859 3021 1954 3060; x_wconf 87' lang='lat' dir='ltr'><strong>who</strong></span> 
     </span>
     <span class='ocr_line' id='line_1_37' title="bbox 288 3086 1590 3137; baseline -0.002 -11"><span class='ocrx_word' id='word_1_320' title='bbox 288 3090 401 3126; x_wconf 85' lang='lat' dir='ltr'><strong>treat</strong></span> <span class='ocrx_word' id='word_1_321' title='bbox 422 3086 466 3124; x_wconf 89' lang='lat' dir='ltr'><strong>of</strong></span> <span class='ocrx_word' id='word_1_322' title='bbox 482 3086 555 3124; x_wconf 91' lang='lat' dir='ltr'><strong>the</strong></span> <span class='ocrx_word' id='word_1_323' title='bbox 576 3087 737 3137; x_wconf 86' lang='lat' dir='ltr'><strong>subject</strong></span> <span class='ocrx_word' id='word_1_324' title='bbox 757 3087 801 3125; x_wconf 85' lang='lat' dir='ltr'><strong>of</strong></span> <span class='ocrx_word' id='word_1_325' title='bbox 812 3088 955 3125; x_wconf 89' lang='lat' dir='ltr'><strong>future</strong></span> <span class='ocrx_word' id='word_1_326' title='bbox 973 3087 1157 3125; x_wconf 85' lang='lat' dir='ltr'><strong>rewards</strong></span> <span class='ocrx_word' id='word_1_327' title='bbox 1178 3087 1261 3125; x_wconf 84' lang='lat' dir='ltr'><strong>and</strong></span> <span class='ocrx_word' id='word_1_328' title='bbox 1282 3086 1590 3137; x_wconf 87' lang='lat' dir='ltr'><strong>punishments.</strong></span> 
     </span>
    </p>

    <p class='ocr_par' dir='ltr' id='par_1_6' title="bbox 289 3142 1952 3260">
     <span class='ocr_line' id='line_1_38' title="bbox 348 3142 1952 3198; baseline -0.001 -13"><span class='ocrx_word' id='word_1_329' title='bbox 348 3159 410 3198; x_wconf 85' lang='lat'><strong>23.</strong></span> <span class='ocrx_word' id='word_1_330' title='bbox 445 3150 729 3194; x_wconf 82' lang='lat' dir='ltr'><strong>Suggillatio</strong></span> <span class='ocrx_word' id='word_1_331' title='bbox 752 3161 760 3187; x_wconf 90' lang='lat'>:</span> <span class='ocrx_word' id='word_1_332' title='bbox 791 3148 855 3186; x_wconf 86' lang='lat' dir='ltr'><strong>lit.</strong></span> <span class='ocrx_word' id='word_1_333' title='bbox 878 3151 890 3169; x_wconf 84' lang='lat'><em>‘</em></span> <span class='ocrx_word' id='word_1_334' title='bbox 906 3162 931 3186; x_wconf 90' lang='lat' dir='ltr'><strong>a</strong></span> <span class='ocrx_word' id='word_1_335' title='bbox 945 3149 1070 3187; x_wconf 85' lang='lat' dir='ltr'><strong>black</strong></span> <span class='ocrx_word' id='word_1_336' title='bbox 1089 3147 1172 3186; x_wconf 83' lang='lat' dir='ltr'><strong>ancl</strong></span> <span class='ocrx_word' id='word_1_337' title='bbox 1189 3148 1288 3187; x_wconf 91' lang='lat' dir='ltr'><strong>blue</strong></span> <span class='ocrx_word' id='word_1_338' title='bbox 1302 3145 1469 3193; x_wconf 89' lang='lat' dir='ltr'><strong>bruise,’</strong></span> <span class='ocrx_word' id='word_1_339' title='bbox 1495 3147 1579 3185; x_wconf 84' lang='lat' dir='ltr'><strong>and</strong></span> <span class='ocrx_word' id='word_1_340' title='bbox 1600 3158 1644 3184; x_wconf 89' lang='lat' dir='ltr'><strong>so</strong></span> <span class='ocrx_word' id='word_1_341' title='bbox 1665 3147 1675 3165; x_wconf 92' lang='lat'>‘</span> <span class='ocrx_word' id='word_1_342' title='bbox 1694 3158 1749 3184; x_wconf 82' lang='lat' dir='ltr'><strong>an</strong></span> <span class='ocrx_word' id='word_1_343' title='bbox 1769 3142 1952 3192; x_wconf 86' lang='lat' dir='ltr'><strong>affront,’</strong></span> 
     </span>
     <span class='ocr_line' id='line_1_39' title="bbox 289 3205 1148 3260; baseline 0.002 -13"><span class='ocrx_word' id='word_1_344' title='bbox 289 3210 300 3230; x_wconf 88' lang='lat'>‘</span> <span class='ocrx_word' id='word_1_345' title='bbox 321 3221 346 3247; x_wconf 84' lang='lat' dir='ltr'><strong>a</strong></span> <span class='ocrx_word' id='word_1_346' title='bbox 365 3205 488 3260; x_wconf 87' lang='lat' dir='ltr'><strong>gibe.&#39;</strong></span> <span class='ocrx_word' id='word_1_347' title='bbox 543 3208 632 3247; x_wconf 88' lang='lat' dir='ltr'><strong>The</strong></span> <span class='ocrx_word' id='word_1_348' title='bbox 652 3208 753 3247; x_wconf 87' lang='lat' dir='ltr'><strong>verb</strong></span> <span class='ocrx_word' id='word_1_349' title='bbox 776 3221 916 3247; x_wconf 87' lang='lat' dir='ltr'><strong>occurs</strong></span> <span class='ocrx_word' id='word_1_350' title='bbox 936 3208 998 3247; x_wconf 91' lang='lat' dir='ltr'><strong>ch.</strong></span> <span class='ocrx_word' id='word_1_351' title='bbox 1020 3221 1057 3260; x_wconf 84' lang='lat'><strong>4,</strong></span> <span class='ocrx_word' id='word_1_352' title='bbox 1085 3218 1148 3259; x_wconf 84' lang='lat'><strong>39.</strong></span> 
     </span>
    </p>
   </div>
  </div>
 </body>
</html>
