2154 3564
179 214 277 253 CAP.
300 208 511 259 XLV111.]
565 201 826 253 adversus
870 201 1063 252 Gentes
1088 210 1193 267 pro
1240 200 1585 254 Christianis.
1739 220 1805 267 14
1810 215 1841 269 5

180 342 446 390 Considera
470 342 798 404 temetipsum,
830 342 871 390 O
898 342 1054 400 homo,
1084 347 1133 389 et
1156 342 1301 389 fidem
1335 343 1405 390 rei
1441 343 1672 392 invenies.
1744 345 1841 393 Re-

177 425 334 487 cogita
358 424 477 487 quid
501 424 663 481 fueris,
683 428 946 487 antequam
971 440 1121 472 esses:
1156 424 1325 487 utique
1350 424 1475 471 nihil
1494 442 1506 484 3
1544 427 1841 475 meminisses

176 507 320 564 enim,
342 507 385 553 si
408 506 525 569 quid
549 506 734 554 fuisses.
796 507 894 566 Qui
918 524 1033 569 ergo
1060 506 1183 553 nihil
1206 508 1368 554 fueras
1392 507 1673 570 priusquam
1699 526 1839 567 esses,

177 588 306 635 idem
330 587 455 634 nihil
480 589 637 636 factus
662 605 771 636 oum
791 606 891 636 esse
912 588 1126 647 desieris,
1145 605 1231 635 cur
1254 606 1351 635 non
1375 588 1530 651 possis
1549 607 1651 637 esse
1675 608 1843 638 rursus

177 671 236 718 de
271 670 437 729 nihilo,
477 671 692 732 ejusdem
730 671 885 734 ipsius
925 671 1138 719 auctoris
1174 672 1442 729 voluntate,
1482 672 1567 734 qui
1602 676 1652 719 te
1688 673 1881 727 voluit5

177 770 277 800 esse
302 753 360 799 de
386 753 574 800 nihilo}
639 753 770 813 Quid
796 752 911 800 novi
936 753 1029 800 tibi
1053 753 1276 801 eveniet?
1314 753 1400 816 qui
1425 771 1522 801 non
1547 771 1666 812 eras,
1689 756 1844 802 factus

176 851 251 894 es;
291 852 440 898 quum
475 835 654 882 iterum
692 852 788 882 non
830 836 939 894 eris,
977 836 1074 882 fies.
1146 836 1318 883 Redde
1358 835 1399 883 si
1434 841 1572 898 potes
1609 837 1845 883 rationem

176 934 273 979 qua
309 919 468 965 factus
494 935 559 976 es,
586 922 636 965 et
671 922 790 965 tuno
825 916 1018 979 require
1056 934 1152 978 qua
1187 917 1285 965 fies.
1359 917 1428 965 Et
1452 923 1618 965 tamen
1654 919 1844 966 facilius

176 999 346 1062 utique
385 999 470 1048 fies
513 999 640 1061 quod
677 999 816 1046 fuisti
853 999 1128 1061 aliquando,
1169 1000 1285 1062 quia
1322 1016 1472 1063 aeque
1511 1017 1608 1047 non
1651 999 1844 1048 difficile

176 1082 335 1129 factus
383 1098 446 1140 es,
498 1082 626 1144 quod
672 1098 922 1143 nunquam
968 1081 1107 1129 fuisti
1154 1082 1432 1144 aliquando.
1504 1082 1844 1141 Dubitabitur,
1864 1104 1913 1131 10

177 1165 333 1222 credo,
359 1163 417 1211 de
453 1164 547 1210 Dei
576 1164 778 1222 Viribus,
807 1164 893 1227 qui
928 1169 1121 1212 tantum
1158 1182 1334 1227 corpus
1370 1165 1458 1212 hoc
1494 1165 1664 1212 mundi
1697 1165 1755 1212 de
1790 1182 1844 1212 eo

177 1246 308 1309 quod
343 1263 437 1292 non
475 1246 647 1304 fuerat,
686 1263 783 1293 non
820 1246 979 1293 minus
1017 1264 1162 1310 quam
1198 1249 1258 1295 de
1294 1252 1450 1295 morte
1487 1246 1755 1295 vacationis
1795 1251 1845 1294 et

175 1328 428 1376 inanitatis
469 1328 744 1390 composuit
783 1328 1053 1376 animatum
1092 1329 1274 1392 spiritu
1318 1329 1533 1376 omnium
1574 1329 1845 1376 animarum

175 1411 455 1469 animatore,
496 1411 741 1472 signatum
782 1415 832 1458 et
872 1429 960 1474 per
997 1411 1155 1473 ipsum
1199 1412 1436 1459 humanae
1479 1410 1845 1458 resurrectionis

177 1493 455 1555 exemplum
490 1492 543 1539 in
579 1493 912 1541 testimonium
947 1493 1098 1541 Vobis.
1170 1494 1282 1540 Lux
1324 1493 1541 1556 quotidie
1584 1493 1844 1540 interfecta
1864 1510 1912 1549 15

174 1575 465 1637 resplendet,
493 1579 543 1621 et
567 1576 793 1622 tenebrae
818 1575 924 1637 pari
948 1575 1053 1622 vice
1079 1576 1350 1622 decedendo
1383 1575 1661 1633 succedunt,
1690 1574 1846 1621 sidera

177 1657 404 1703 defuncta
428 1656 742 1715 reviviscunt,
764 1662 985 1719 tempora
1005 1657 1091 1704 ubi
1115 1657 1358 1704 finiuntur
1381 1656 1638 1719 incipiunt,
1660 1656 1845 1703 fructus

176 1743 529 1787 consumuntur
553 1744 602 1786 et
630 1739 864 1797 redeunt,
903 1745 1029 1786 certe
1068 1740 1251 1787 semina
1285 1756 1380 1786 non
1416 1738 1512 1786 nisi
1544 1742 1772 1800 corrupta
1797 1742 1846 1784 et

177 1820 414 1868 dissoluta
471 1820 724 1868 fecundius
784 1827 1002 1882 surgunt,
1053 1821 1212 1868 omnia
1270 1821 1514 1884 pereundo
1573 1824 1843 1876 servantur,

176 1902 338 1950 omnia
374 1902 431 1949 de
467 1902 673 1949 interitu
707 1903 1047 1950 reformantur.
1119 1904 1210 1962 Tu,
1241 1903 1396 1962 homo,
1424 1907 1620 1950 tantum
1656 1919 1842 1960 nomen,
1865 1923 1913 1949 20

177 1984 219 2032 si
255 1984 499 2046 intelligas
536 1989 599 2043 te,
624 1985 701 2032 vel
736 1985 796 2032 de
831 1985 980 2032 titulo
1017 1985 1220 2047 Pythiae
1258 1985 1457 2044 discens,
1488 1985 1710 2032 dominus
1745 2001 1844 2031 om-

176 2066 311 2113 nium
335 2066 645 2113 morientium
664 2070 712 2113 et
735 2066 1109 2128 resurgentium,
1130 2068 1192 2114 ad
1214 2067 1303 2114 hoo
1327 2065 1549 2114 morieris
1569 2071 1623 2113 ut
1642 2083 1808 2129 pereas
1827 2068 1842 2112 2

233 2231 270 2270 9.
302 2221 413 2265 quia
433 2231 578 2265 aeque
599 2231 696 2257 non
717 2221 906 2258 difficile
923 2232 931 2258 ε
963 2233 1093 2271 comp.
1114 2220 1164 2258 de
1178 2234 1255 2259 res.
1271 2234 1386 2260 earn.
1407 2231 1451 2258 11
1472 2234 1482 2270 ;
1512 2220 1623 2260 Min.
1640 2220 1758 2259 Felix
1776 2231 1842 2269 34,

180 2286 189 2301 ‘
204 2280 431 2320 Difficilius
452 2285 516 2320 est
536 2281 581 2319 id
600 2281 713 2332 quod
731 2294 816 2319 non
836 2282 892 2320 sit
912 2282 1110 2332 incipere,
1132 2296 1258 2333 quam
1287 2283 1331 2321 id
1355 2283 1467 2334 quod
1493 2283 1622 2321 fuerit
1642 2284 1796 2321 iterare
1809 2279 1841 2328 ’3

179 2341 372 2381 Lactant.
407 2342 479 2380 vii.
514 2354 576 2392 23.
633 2343 723 2381 The
753 2347 978 2394 argument
1009 2344 1045 2383 is
1081 2357 1106 2382 a
1140 2357 1330 2383 common
1365 2358 1442 2383 one
1472 2345 1516 2382 in
1549 2345 1622 2383 the
1651 2344 1687 2382 F
1688 2345 1841 2383 athers.

177 2404 345 2442 Ashton
365 2404 568 2454 proposed
586 2408 631 2443 to
651 2404 753 2443 read
775 2405 884 2455 quod
905 2405 1132 2457 clffeilizcs
1149 2406 1215 2444 for
1235 2420 1319 2445 von
1339 2406 1526 2457 dffcile.

237 2475 299 2503 12.
329 2467 592 2504 vacationis
614 2470 660 2504 et
681 2468 928 2505 inanitatis
946 2481 955 2505 :
986 2466 1090 2505 Gen.
1113 2467 1141 2506 i.
1166 2478 1204 2515 2,
1219 2469 1230 2486 ‘
1245 2471 1361 2505 terra
1382 2470 1525 2505 autem
1542 2470 1631 2505 erat
1651 2466 1787 2505 inanis
1801 2474 1843 2504 et

180 2526 340 2565 vacua.'

243 2598 305 2637 15.
337 2589 443 2625 Lux
463 2589 687 2635 quotidie,
712 2593 786 2627 ete.
843 2587 932 2627 The
955 2589 1212 2627 revolutions
1243 2589 1288 2627 of
1312 2589 1479 2627 Nature
1502 2602 1610 2627 were
1639 2588 1753 2627 often
1781 2602 1843 2626 re-

178 2647 316 2686 ferred
344 2652 389 2686 to
416 2661 462 2686 as
491 2648 826 2699 foreshadowing
853 2649 926 2687 the
958 2650 1237 2688 resurrection
1267 2650 1312 2688 of
1336 2651 1408 2688 the
1436 2650 1575 2701 body;
1606 2663 1674 2687 see
1696 2650 1745 2687 de
1765 2663 1842 2688 res.

179 2723 292 2750 carn.
319 2722 382 2758 12,
407 2722 456 2759 13
474 2723 482 2757 ;
513 2710 552 2749 S.
574 2711 702 2750 Clem.
722 2711 844 2749 Rom.
865 2712 893 2751 i.
916 2712 1006 2750 Cor.
1032 2723 1078 2762 25
1103 2712 1260 2762 (where
1278 2712 1353 2751 the
1373 2712 1488 2751 fable
1507 2712 1553 2750 of
1568 2712 1642 2750 the
1661 2712 1842 2763 phoenix

178 2774 213 2811 is
243 2773 448 2823 similarly
468 2772 701 2820 adduced);
731 2772 937 2823 Epiphan.
969 2774 1124 2812 Amor.
1157 2775 1209 2824 84
1240 2774 1417 2825 (quoted
1446 2774 1633 2812 Pearson
1657 2775 1756 2812 Art.
1786 2773 1841 2811 xi.

178 2834 248 2872 fol.
279 2832 391 2884 376).
449 2833 538 2872 The
565 2835 779 2885 analogies
817 2847 889 2872 are
926 2838 1001 2873 not
1034 2835 1200 2886 strictly
1232 2835 1377 2884 sound,
1411 2849 1477 2874 see
1511 2835 1658 2885 below,
1691 2837 1701 2856 ‘
1717 2836 1844 2886 Ergo,

181 2893 387 2945 inquitis,'
411 2897 483 2934 etc.

239 2956 301 2994 18.
332 2959 510 2994 semina
535 2969 632 2995 non
651 2959 746 2995 nisi
766 2962 997 3002 corrupta.
1055 2957 1094 2995 S.
1116 2957 1235 2996 John
1253 2958 1325 2996 xii.
1351 2969 1428 3008 243
1463 2969 1480 2995 1
1505 2958 1598 2997 Gor.
1622 2971 1690 2996 xv.
1714 2956 1777 3005 36.

239 3028 300 3056 21.
323 3020 380 3055 de
392 3020 535 3056 titulo
556 3020 755 3063 Pythiae
772 3031 780 3057 :
803 3017 923 3056 Γνῶθι
941 3016 1123 3059 σεαυτόν.
1162 3019 1250 3057 The
1263 3018 1545 3070 apophthegm
1558 3031 1644 3057 was
1658 3016 1844 3066 Thales'3

181 3078 304 3128 Diog.
326 3077 466 3118 Laert.
489 3078 516 3116 i.
538 3090 605 3129 40.

240 3150 302 3177 22.
325 3141 385 3177 ad
403 3141 493 3178 hoc
513 3141 727 3178 morieris
745 3154 752 3178 :
775 3141 785 3160 ‘
804 3139 915 3178 shalt
931 3140 1033 3178 thou
1048 3140 1202 3179 indeed
1217 3140 1284 3179 die
1298 3153 1342 3180 so
1357 3154 1402 3180 as
1418 3145 1462 3180 to
1474 3141 1635 3192 utterly
1650 3139 1815 3191 perish‘}
1832 3137 1842 3154 '

181 3200 282 3239 This
304 3200 519 3240 adverbial
538 3213 610 3239 use
631 3200 675 3240 of
690 3201 747 3240 ad
767 3201 844 3240 Ῐιοσ
863 3202 1102 3253 frequently
1122 3215 1262 3241 occurs
1281 3203 1327 3241 in
1345 3203 1433 3242 late
1452 3216 1574 3255 prose
1593 3202 1771 3242 writers.

993 3285 1024 3316 L
