2154 3564
297 189 366 251 48
761 187 1092 240 Tertulliani
1125 186 1499 254 Apologetz‘czss
1710 192 1828 244 [CAp.
1846 197 1966 238 ΧΙΙΙ.

297 330 417 380 certi
442 347 607 379 sumus
632 330 826 379 omnino
858 348 954 379 non
984 331 1118 378 esse?
1189 329 1332 390 Quod
1366 346 1464 376 non
1499 332 1583 387 est,
1610 329 1737 377 nihil
1772 329 1832 377 ab
1868 328 1966 376 ullo

297 414 500 477 patitur,
528 413 642 477 quia
666 431 763 461 non
788 418 874 461 est.

926 648 1154 698 CAPUT
1193 649 1337 696 XIII.

364 784 469 833 SED
494 782 631 831 nobis
656 781 725 829 dii
762 786 888 839 sunt,
915 779 1132 844 inquitis.
1203 781 1270 828 Et
1294 782 1536 844 quomodo
1560 799 1646 829 vos
1671 800 1695 829 e
1721 783 1964 830 contrario

256 881 278 921 5
295 866 433 930 impii
459 871 508 914 et
533 865 750 927 sacrilegi
781 870 829 912 et
860 864 1121 926 irreligiosi
1150 881 1266 926 erga
1292 864 1406 911 deos
1429 870 1616 912 vestros
1646 863 1964 927 deprehendi-

295 948 431 1009 mini,
470 949 556 1012 qui
604 964 723 1010 quos
769 946 1077 1010 praesumitis
1119 963 1231 1005 esse,
1272 946 1549 1009 negligatis,
1597 964 1716 1010 quos
1763 946 1971 1011 timetis,

294 1032 571 1090 destruatis,
615 1048 736 1094 quos
774 1029 919 1078 etiam
960 1029 1234 1086 vindicatis,
1273 1030 1529 1078 illudatis'l
1601 1029 1962 1093 Recognoscite,

295 1115 337 1162 si
377 1115 597 1163 mentiar.
669 1114 831 1160 Primo
880 1112 1090 1175 quidem,
1131 1129 1241 1158 cum
1282 1112 1369 1160 alii
1409 1113 1530 1160 alios
1573 1113 1745 1169 colitis,
1789 1112 1962 1174 utique

295 1215 413 1261 quos
432 1214 527 1244 non
547 1195 717 1254 colitis,
740 1193 997 1242 offenditis.
1057 1193 1296 1241 Praelatio
1321 1194 1519 1242 alterius
1545 1194 1644 1242 sine
1670 1194 1964 1241 contumelia

230 1299 281 1326 10
296 1280 497 1328 alterius
538 1297 636 1326 non
677 1283 838 1342 potest
873 1277 1143 1340 procedere,
1180 1276 1295 1338 quia
1330 1294 1416 1324 nec
1454 1277 1625 1325 electio
1663 1276 1765 1324 sine
1801 1294 1964 1340 repro-

293 1362 503 1412 batione.
574 1362 606 1409 J
610 1379 687 1409 am
717 1378 829 1424 ergo
855 1359 1162 1408 contemnitis
1189 1377 1306 1422 quos
1335 1360 1619 1423 reprobatis,
1645 1377 1763 1422 quos
1798 1377 1964 1423 repro-

293 1445 452 1493 bando
478 1444 716 1491 offendere
741 1461 837 1490 non
862 1441 1063 1491 timetis.
1134 1443 1263 1489 Nam
1296 1447 1354 1489 ut
1391 1460 1533 1506 supra
1568 1442 1958 1505 perstrinximus,

294 1531 448 1576 status
473 1526 552 1573 dei
577 1528 809 1588 cujusque
833 1525 885 1572 in
909 1528 1105 1573 senatus
1130 1524 1465 1572 aestimatione
1494 1525 1748 1587 pendebat.
1826 1524 1962 1571 Deus

293 1626 390 1656 non
427 1612 547 1667 erat,
587 1625 728 1670 quem
765 1608 907 1655 homo
944 1607 1196 1655 consultus
1233 1607 1468 1655 noluisset
1504 1613 1552 1654 et
1587 1607 1791 1654 nolendo
1828 1607 1962 1654 dam-

229 1712 276 1752 15
295 1695 470 1742 nasset.
561 1690 868 1738 Domesticos
927 1691 1054 1748 deos,
1104 1707 1224 1753 quos
1281 1690 1407 1737 lares
1467 1689 1645 1748 dicitis,
1700 1690 1963 1737 domestica

293 1779 536 1836 potestate
572 1774 795 1821 tractatis
836 1773 1152 1836 pignerando,
1189 1772 1503 1830 venditando,
1542 1773 1834 1820 demutando
1875 1773 1963 1820 ali-

293 1857 486 1919 quando
523 1856 574 1902 in
606 1857 886 1903 cacabulum
924 1855 982 1903 de
1023 1856 1246 1913 Saturno,
1283 1854 1542 1917 aliquando
1578 1854 1629 1900 in
1665 1855 1866 1902 trullam
1902 1855 1962 1903 de

293 1938 529 1995 Minerva,
554 1944 610 1986 ut
645 1938 853 2001 quisque
889 1938 1131 2004 contritus
1166 1942 1312 2000 atque
1348 1943 1577 1985 contusus
1613 1936 1699 1996 est,
1726 1938 1840 1984 dum
1877 1937 1964 1984 diu

293 2021 485 2079 colitur,
510 2024 567 2068 ut
604 2020 807 2083 quisque
843 2019 1063 2067 dominus
1100 2020 1386 2067 sanctiorem
1422 2024 1648 2082 expertus
1682 2023 1756 2066 est
1781 2020 1961 2067 domes-

229 2104 443 2151 20ticam
481 2102 830 2150 necessitatem.
901 2101 1125 2148 Publicos
1163 2118 1312 2163 aeque
1353 2101 1548 2163 publico
1585 2104 1698 2162 jure
1738 2100 1958 2158 foedatis,

293 2203 412 2249 quos
460 2185 513 2232 in
559 2184 772 2232 hastario
820 2183 1082 2246 vectigales
1129 2181 1334 2230 habetis.
1408 2182 1487 2231 Sic
1535 2182 1848 2245 Capitolium,
1893 2183 1960 2230 sic

346 2360 384 2400 4.
419 2350 513 2387 Sed
531 2349 670 2387 nobis
692 2349 760 2385 dii
780 2350 903 2385 sunt.
958 2345 1196 2385 Tertullian
1210 2358 1394 2384 resumes
1413 2344 1480 2384 his
1496 2345 1803 2385 consideration
1824 2345 1869 2384 of
1885 2345 1960 2385 the

291 2411 383 2449 first
402 2410 588 2449 heathen
608 2410 702 2460 plea
723 2409 839 2447 dealt
859 2407 966 2447 with
985 2408 1031 2446 in
1049 2408 1112 2446 ch.
1135 2419 1195 2445 10.

351 2484 414 2512 12.
443 2476 497 2510 ut
519 2484 659 2516 supra
678 2472 1053 2516 perstrinximus.
1112 2469 1189 2509 Ch.
1211 2480 1247 2519 5.

351 2541 414 2584 1¹7.
444 2535 496 2571 in
524 2535 730 2581 trullam,
754 2533 871 2571 ‘into
900 2546 925 2570 a
952 2529 1154 2582 fire—pan'
1171 2544 1182 2579 ;
1211 2532 1321 2582 Livy
1339 2529 1496 2571 xxxvii.
1520 2542 1584 2571 11.
1610 2542 1671 2581 13,
1696 2544 1740 2570 so
1766 2543 1859 2571 uses
1883 2530 1959 2570 the

291 2596 407 2639 word
426 2609 435 2642 ;
464 2596 541 2634 but
560 2596 604 2634 in
623 2596 652 2634 J
658 2608 779 2633 uven.
801 2594 862 2634 iii.
887 2595 978 2642 108,
1001 2593 1186 2632 trulla=
1200 2593 1417 2641 tralleum,
1440 2598 1449 2613 ‘
1466 2606 1491 2631 a
1510 2591 1793 2641 wash-basin.'

349 2667 412 2707 19.
442 2660 495 2694 ut
515 2658 714 2702 quisque
738 2657 971 2703 dominus,
994 2657 1097 2693 eta:
1128 2657 1138 2676 ‘
1155 2667 1199 2693 as
1221 2655 1322 2693 each
1341 2658 1497 2692 master
1526 2655 1601 2693 has
1631 2654 1762 2693 found
1789 2653 1854 2692 his
1885 2653 1955 2692 do-

290 2718 437 2756 mestic
457 2718 663 2769 necessity
681 2731 795 2756 more
816 2717 961 2756 sacred
974 2715 984 2733 '
1005 2730 1014 2761 3
1044 2716 1073 2756 i.
1092 2730 1125 2756 e.
1157 2717 1334 2767 religion
1353 2730 1439 2755 was
1468 2716 1591 2755 made
1613 2720 1659 2755 to
1684 2717 1781 2767 give
1799 2729 1894 2767 way
1913 2719 1958 2754 to

291 2779 492 2818 domestic
512 2779 697 2818 comfort.
756 2780 839 2818 For
858 2780 1048 2818 dominas
1069 2779 1168 2818 Cod.
1193 2779 1313 2818 Fuld.
1335 2778 1457 2817 reads
1478 2778 1608 2817 deam.

349 2851 412 2879 21.
443 2843 662 2887 hastario,
698 2842 709 2860 ‘
727 2854 782 2878 an
821 2838 1283 2891 auction—catalogue'3
1322 2840 1562 2879 hastarium
1591 2851 1676 2877 was
1708 2838 1782 2877 the
1814 2837 1887 2876 list
1915 2837 1961 2876 of

290 2914 491 2940 revenues
514 2902 776 2952 (vectiqalia)
799 2901 937 2941 which
961 2916 1071 2940 were
1099 2907 1175 2953 put
1205 2915 1260 2952 up
1288 2902 1352 2940 for
1380 2901 1550 2940 auctiori
1580 2914 1707 2952 every
1724 2900 1806 2938 five
1833 2912 1954 2951 years

290 2962 375 3001 and
395 2962 598 3002 tendered
617 2963 680 3001 for
700 2964 757 3015 by
776 2963 849 3002 the
869 2966 1149 3007 contractors3
1179 2975 1310 3013 comp.
1334 2963 1391 3001 ad
1410 2962 1515 3000 Nat.
1537 2962 1565 3000 i.
1590 2972 1652 3000 10.

418 3026 719 3069 Capitolium.
776 3025 864 3063 The
884 3025 1095 3064 existence
1124 3024 1169 3063 of
1193 3038 1217 3063 a
1246 3024 1413 3075 Capitol
1443 3028 1488 3062 at
1517 3023 1726 3072 Carthage
1745 3021 1820 3059 has
1848 3021 1955 3059 been

289 3086 445 3137 proved
464 3086 521 3137 by
541 3085 615 3124 the
634 3085 853 3137 discovery
873 3086 918 3125 of
933 3099 988 3124 an
1007 3086 1255 3137 inscription
1274 3085 1412 3124 which
1431 3085 1467 3123 is
1486 3085 1614 3135 given
1634 3084 1680 3121 in
1699 3083 1952 3130 Wilmanm,

291 3148 496 3198 Inscript.
529 3146 676 3196 Afric.
699 3147 813 3192 Lat„
852 3148 896 3187 Ο.
919 3147 955 3185 Ι.
978 3147 1026 3187 L.
1059 3148 1146 3186 viii.
1182 3158 1311 3195 1013;
1353 3160 1420 3185 see
1453 3150 1522 3185 too
1551 3145 1640 3183 viii.
1675 3154 1793 3194 1141,
1831 3145 1950 3193 2388.

291 3210 433 3261 Comp.
455 3209 505 3247 de
525 3211 652 3260 spect.
674 3210 710 3257 8,
733 3209 817 3247 and
836 3209 898 3247 for
918 3209 990 3248 the
1010 3209 1246 3260 Capitoline
1266 3208 1378 3247 triad
1399 3208 1444 3247 of
1458 3207 1674 3246 divinities
1690 3205 1951 3257 worshipped
