2154 3564
290 180 363 228 40
756 163 1090 220 Tertulliani
1123 167 1494 235 Apologelz'cus
1776 174 1897 227 [CAP.
1913 179 1964 217 Χ.

292 313 450 356 tatum
486 307 832 355 instrumentis
867 309 1158 367 revincetur,
1186 309 1245 356 de
1282 308 1460 372 quibus
1497 326 1575 357 eos
1611 308 1799 368 didicit,
1825 309 1963 357 testi-

293 389 508 438 monium
528 389 901 452 perhibentibus
930 391 993 439 ad
1011 391 1301 439 hodiernum
1326 395 1374 439 et
1393 391 1689 451 civitatibus,
1709 392 1761 438 in
1786 391 1964 455 quibus

294 474 398 521 nati
434 477 563 532 sunt,
588 477 638 520 et
673 473 966 535 regionibus,
1004 473 1057 520 in
1093 474 1270 536 quibus
1307 474 1494 536 aliquid
1529 475 1720 537 operati
1754 475 1966 537 vestigia

294 556 613 618 reliquerunt,
657 554 710 600 in
752 555 929 618 quibus
971 556 1118 604 etiam
1160 556 1341 619 sepulti
1383 556 1791 605 demonstrantur.
1860 557 1965 605 Nec

258 655 384 700 5ego
427 654 515 700 per
554 636 768 699 singulos
812 637 1078 697 decurram,
1117 642 1193 685 tot
1234 655 1289 685 ac
1332 641 1513 696 tantos,
1555 655 1718 697 novos,
1761 643 1964 697 veteres,

295 717 541 773 barbaros,
570 715 796 770 Graecos,
834 715 1090 775 Romanos,
1117 716 1413 779 peregrinos,
1440 716 1668 779 captivos,
1694 717 1963 780 adoptivos,

295 798 528 861 proprios,
573 814 860 857 communes,
901 798 1152 857 masculos,
1199 798 1419 857 feminas,
1463 798 1686 859 rusticos,
1736 800 1962 857 urbanos,

296 880 532 938 nauticos,
558 878 823 939 militares3
879 880 1089 928 otiosum
1125 884 1201 927 est
1237 880 1385 928 etiam
1420 880 1594 929 titulos
1628 881 1868 944 persequi,
1906 886 1964 929 ut

296 963 520 1026 colligam
561 964 614 1011 in
650 962 1004 1025 compendium,
1043 966 1093 1009 et
1127 962 1217 1010 hoc
1259 979 1356 1009 non
1391 980 1486 1026 quo
1529 963 1843 1025 cognoscatis,
1881 964 1964 1012 sed

232 1064 281 1091 10
296 1046 679 1109 recognoscatis,
740 1049 869 1093 certe
905 1044 1034 1092 enim
1070 1045 1245 1093 oblitos
1279 1045 1439 1107 agitis.
1526 1045 1659 1093 Ante
1698 1045 1965 1095 Saturnum

296 1129 414 1176 deus
433 1146 581 1192 penes
605 1146 692 1176 vos
717 1145 857 1175 nemo
881 1132 967 1187 est,
998 1127 1057 1175 ab
1080 1127 1166 1175 illo
1191 1145 1362 1176 census
1386 1128 1539 1176 totius
1558 1128 1636 1176 vel
1658 1128 1862 1191 potioris
1886 1128 1966 1176 vel

295 1211 502 1260 notioris
538 1211 829 1259 divinitatis.
899 1212 1074 1272 Itaque
1109 1212 1238 1272 quod
1273 1211 1332 1259 de
1368 1210 1553 1274 origine
1589 1211 1879 1270 constiterit,
1913 1210 1966 1258 id

298 1295 358 1341 de
403 1295 691 1357 posteritate
739 1294 1005 1342 conveniet,⁵
1096 1294 1361 1343 Saturnum
1408 1293 1590 1356 itaque,
1639 1292 1680 1341 si
1728 1297 1965 1356 quantum

296 1377 490 1424 litterae
516 1377 703 1435 docent,
729 1393 885 1438 neque
916 1376 1157 1424 Diodorus
1188 1375 1415 1432 Graecus,
1441 1380 1527 1423 aut
1564 1375 1777 1434 Thallus,
1807 1393 1965 1438 neque

232 1473 279 1513 15
298 1458 493 1507 Cassius
524 1458 743 1515 Severus,
769 1463 854 1506 aut
890 1458 1145 1506 Cornelius
1177 1459 1355 1521 Nepos,
1380 1475 1536 1521 neque
1568 1458 1695 1505 ullus
1724 1475 1964 1505 commen-

296 1545 431 1589 tator
453 1540 742 1604 ejuscemodi
765 1540 1122 1604 antiquitatum
1145 1541 1282 1588 aliud
1306 1557 1450 1603 quam
1482 1540 1724 1588 hominem
1749 1540 1963 1603 promul-

297 1629 536 1688 gaverunt
551 1640 564 1683 ,-
602 1623 644 1672 si
680 1627 916 1686 quantum
951 1641 1114 1671 rerum
1150 1629 1452 1686 argumenta,
1491 1640 1730 1685 nusquam
1766 1622 1964 1670 invenio

296 1771 369 1810 the
384 1771 487 1821 gods
506 1783 619 1809 were
638 1769 793 1808 deified
818 1783 916 1808 men
936 1783 1022 1809 was
1044 1769 1161 1808 often
1192 1769 1396 1820 appealed
1422 1773 1467 1808 to
1493 1769 1550 1821 by
1569 1769 1783 1808 Christian
1802 1768 1968 1807 writers
1998 1765 2002 1767 ”

293 1838 339 1875 in
357 1836 468 1875 their
486 1839 731 1886 arguments
752 1835 919 1886 against
939 1835 1015 1874 the
1036 1848 1174 1886 pagan
1192 1835 1442 1887 mythology
1459 1849 1467 1874 :
1505 1848 1539 1875 e.
1555 1847 1597 1885 9.
1621 1835 1730 1873 Min.
1752 1834 1875 1873 Felix
1890 1845 1936 1871 21
1955 1846 1965 1881 ;

293 1897 476 1948 Theoph.
511 1897 569 1935 ad
598 1896 750 1935 Autol.
780 1897 807 1936 i.
843 1906 864 1948 7
882 1910 892 1944 3
924 1896 1051 1936 Clem.
1089 1896 1214 1935 Alex.
1256 1896 1425 1936 Cohort.
1459 1908 1493 1945 2,
1525 1909 1575 1946 43
1606 1896 1799 1934 Lactant.
1830 1896 1857 1934 i.
1889 1905 1966 1942 113

294 1961 407 2011 Aug.
429 1959 480 1997 de
503 1960 581 1996 civ.
602 1957 685 1997 Dei
704 1958 759 1997 vi.
785 1965 806 2008 7
825 1971 835 2006 ;
865 1958 935 1996 vii.
962 1956 1036 2005 263
1068 1971 1198 2009 comp.
1222 1958 1368 1997 Cicero
1400 1958 1450 1996 de
1469 1960 1559 1996 nat.
1581 1958 1691 1996 deor.
1713 1958 1757 1996 ii.
1779 1969 1845 2008 42,
1869 1957 1965 1995 ‘Ab

294 2021 531 2060 Euhemero
569 2023 712 2059 autem
752 2023 795 2058 et
833 2023 988 2058 mortes
1028 2023 1071 2058 et
1110 2020 1351 2070 sepulturae
1391 2020 1733 2059 demonstrantur
1766 2017 1966 2058 deorum.'

295 2084 423 2123 From
452 2095 478 2120 a
505 2094 643 2132 pagan
671 2082 791 2132 point
821 2081 867 2119 of
882 2081 990 2120 view
1019 2081 1094 2119 the
1122 2081 1252 2119 books
1281 2081 1326 2119 of
1351 2081 1611 2120 Euhemerus
1630 2095 1739 2120 were
1768 2082 1964 2132 sceptical

295 2145 380 2183 and
398 2143 686 2188 rationalistic‚
708 2143 786 2181 but
805 2142 919 2182 their
937 2141 1182 2193 popularity
1197 2155 1283 2182 was
1303 2146 1435 2193 great,
1453 2143 1538 2181 and
1553 2143 1715 2182 Ennius
1729 2143 1965 2182 translated

293 2206 410 2246 them
429 2206 520 2244 into
539 2204 679 2243 Latin.

355 2280 388 2306 1.
419 2269 747 2306 testimonium
781 2268 1099 2312 perhibentes.
1167 2266 1255 2304 The
1293 2265 1501 2305 technical
1539 2266 1649 2317 legal
1691 2265 1849 2316 phrase,
1894 2271 1904 2286 ⁶
1919 2270 1964 2305 to

294 2329 397 2369 bear
421 2329 593 2368 witness
606 2325 616 2343 ²
626 2341 637 2376 3
668 2321 754 2366 and
773 2340 819 2366 so
840 2327 941 2365 used
962 2326 1002 2365 S.
1024 2326 1141 2366 John
1160 2328 1187 2367 i.
1213 2328 1235 2366 8
1259 2328 1444 2379 (Vulg.),
1469 2329 1479 2348 ⁴
1498 2331 1547 2366 ut
1565 2327 1854 2367 testimonium
1872 2341 1961 2378 per--

294 2392 458 2430 hiberet
479 2390 529 2428 de
549 2386 734 2427 lumine'
753 2402 763 2436 ;
791 2401 833 2426 v.
858 2399 910 2437 3ο
929 2388 988 2437 ff.,
1010 2393 1084 2426 ecc.

351 2452 387 2489 8.
418 2454 599 2490 titulos.
658 2450 735 2489 See
756 2453 868 2498 note,
889 2450 951 2488 ch.
977 2460 1011 2488 Ι.

355 2524 417 2552 10.
449 2515 619 2552 oblitos
640 2515 791 2558 agitis.
853 2511 996 2562 Comp.
1020 2511 1082 2550 ch.
1107 2519 1169 2561 37,
1194 2511 1356 2550 ‘hostes
1385 2516 1568 2551 exsertos
1597 2510 1748 2564 agere,'
1770 2515 1865 2552 ‘act
1889 2511 1963 2551 the

294 2579 392 2626 part
412 2574 456 2612 of
472 2574 647 2613 avowed
667 2571 877 2612 enemies.'

354 2646 414 2673 11.
445 2647 611 2674 census
631 2649 639 2673 ;
668 2647 735 2673 see
755 2638 868 2683 note,
888 2634 952 2673 ch.
972 2643 1007 2685 7.

358 2707 420 2744 13.
455 2699 712 2735 Saturnum
730 2698 902 2741 itaque.
961 2696 1069 2734 Min.
1091 2696 1180 2735 Fel.
1205 2707 1279 2744 223
1310 2696 1425 2735 Lact.
1448 2697 1475 2735 i.
1501 2707 1561 2746 13.

358 2769 420 2808 14.
452 2759 660 2796 Thallus.
720 2757 797 2796 See
815 2761 926 2803 note,
946 2758 1010 2796 ch.
1035 2768 1098 2808 19.

344 2830 376 2856 v1
386 2829 421 2868 5.
454 2821 644 2857 Cassius
671 2822 888 2858 Severus.
936 2819 1028 2858 Not
1048 2819 1214 2858 Cassius
1235 2819 1427 2867 Severus,
1443 2818 1516 2858 the
1530 2819 1691 2858 satirist
1711 2819 1794 2858 and
1813 2823 1964 2864 orator²

300 2880 394 2919 who
413 2893 499 2918 was
519 2881 723 2919 banished
742 2881 799 2932 by
819 2882 1040 2932 Augustus
1070 2881 1154 2920 and
1175 2881 1271 2919 died
1290 2891 1332 2920 A.
1345 2892 1386 2920 D.
1411 2893 1476 2931 33,
1506 2883 1584 2921 but
1611 2881 1766 2920 Lucius
1796 2882 1961 2920 Cassius

301 2942 500 2990 Hemina,
536 2955 561 2980 a
594 2942 758 2981 Roman
791 2944 976 2983 annalist
1007 2944 1102 2995 (cir.
1133 2954 1172 2981 Β.
1191 2953 1224 2982 c.
1263 2944 1373 2994 140),
1406 2944 1500 2983 who
1530 2947 1660 2982 wrote
1689 2957 1714 2982 a
1742 2943 1901 2994 history
1921 2943 1967 2982 of

302 3003 435 3042 Rome
455 3003 561 3041 from
583 3003 658 3042 the
679 3005 846 3043 earliest
864 3006 990 3044 times
1010 3009 1055 3044 to
1074 3005 1147 3044 the
1167 3005 1249 3044 end
1269 3005 1314 3044 of
1329 3005 1401 3044 the
1421 3005 1539 3044 third
1559 3005 1692 3043 Punic
1711 3018 1811 3043 war.

430 3069 792 3104 commentator:
838 3079 863 3104 a
895 3080 987 3105 rare
1017 3067 1247 3117 post-class.
1276 3067 1403 3114 word,
1445 3067 1490 3104 in
1526 3065 1694 3116 general
1732 3063 1962 3116 signifying

305 3123 564 3172 ‘contriverj
584 3125 660 3165 but
680 3126 917 3166 Tertullian
937 3141 1030 3168 uses
1058 3129 1093 3167 it
1121 3129 1247 3180 again
1276 3129 1324 3169 de
1353 3140 1429 3168 res,
1461 3140 1577 3167 carn.
1601 3139 1664 3178 33,
1688 3127 1731 3165 in
1750 3126 1823 3165 the
1843 3139 1962 3166 sense

300 3186 345 3226 of
362 3190 371 3208 ‘
387 3186 563 3226 author?
