2154 3564
255 224 274 256 1
284 223 320 270 4
715 208 1047 260 Tertulliani
1079 208 1130 258 Α
1132 208 1451 276 polegetz'cus
1706 217 1825 269 [CAP.
1847 222 1920 259 ΙΙΙ.

249 350 573 398 Christianus.
610 350 741 398 Item
758 351 909 398 alius:
948 351 1054 413 Ego
1070 350 1219 398 miror
1243 350 1450 398 Lucium
1475 351 1740 413 sapientem
1756 351 1918 399 virum

245 437 443 496 repente
478 433 659 481 factum
690 432 1035 481 Christianum.
1106 433 1261 480 Nemo
1296 437 1563 481 retractat:
1603 433 1776 483 Nonne
1810 433 1919 482 ideo

246 517 402 563 bonus
430 515 591 575 Caius,
621 519 670 563 et
699 516 912 578 prudens
943 516 1140 573 Lucius,
1167 515 1285 577 quia
1311 515 1652 563 Christianus?
1688 521 1775 564 aut
1812 516 1919 563 ideo

247 598 573 656 Christianus,
599 597 713 659 quia
747 597 960 660 prudens
985 601 1034 645 et
1069 597 1256 645 bonus?
1328 596 1556 645 Laudant
1584 615 1708 660 quae
1744 598 1916 656 s'ciunt,

207 694 229 733 5
245 680 530 742 vituperant
554 697 677 743 quae
701 679 944 742 ignorant,
963 684 1013 727 et
1037 679 1088 726 id
1102 680 1237 743 quod
1261 679 1436 738 sciunt,
1456 697 1510 727 eo
1530 681 1661 742 quod
1677 681 1916 744 ignorant,

245 766 595 826 corrumpunt3
634 779 743 810 cum
768 762 832 810 sit
848 762 1030 826 justius
1054 762 1245 810 occulta
1270 762 1328 809 de
1364 762 1637 810 manifestis
1674 763 1918 826 praejudi-

244 862 365 904 care,
397 863 540 908 quam
576 845 835 893 manifesta
872 846 931 893 de
967 845 1168 893 occultis
1204 845 1568 908 praedamnare.
1640 844 1758 903 Alii,
1796 862 1917 908 quos

242 934 374 975 retro
400 933 512 976 ante
536 928 625 975 hoc
649 944 823 974 nomen
847 945 1006 990 vagos,
1027 927 1162 987 viles,
1189 928 1436 991 improbos
1461 933 1710 986 noverant,
1728 944 1788 975 ex
1811 928 1916 990 ipso

242 1011 488 1069 denotant,
506 1028 601 1073 quo
620 1010 852 1070 laudant3
879 1010 1110 1057 caecitate
1129 1010 1229 1057 odii
1249 1011 1297 1057 in
1321 1010 1605 1073 suffragium
1623 1010 1916 1074 impingunt.

178 1113 226 1140 10
245 1093 378 1153 Quae
424 1092 627 1140 mulier!
666 1109 810 1155 quam
859 1092 1052 1150 lasciva,
1090 1109 1236 1154 quam
1278 1093 1483 1141 festiva!
1557 1093 1654 1154 Qui
1694 1093 1914 1157 juvenis!

242 1194 386 1239 quam
422 1176 645 1234 lascivus,
673 1192 821 1238 quam
855 1175 1096 1223 amasius!
1167 1176 1307 1224 Facti
1343 1181 1457 1224 sunt
1482 1176 1763 1225 Christiani.
1835 1177 1917 1224 Ita

240 1276 416 1306 nomen
440 1257 769 1306 emendationi
791 1257 1081 1320 imputatur.
1153 1258 1394 1307 Nonnulli
1418 1258 1567 1306 etiam
1603 1259 1660 1306 de
1685 1258 1916 1306 utilitati-

239 1343 330 1390 bus
356 1341 456 1389 suis
481 1358 589 1388 cum
627 1340 737 1388 odio
760 1340 853 1388 isto
877 1340 1205 1403 paciscuntur,
1232 1340 1453 1388 contentir
1484 1340 1678 1403 injuria,
1707 1341 1822 1388 dum
1855 1359 1915 1388 ne

240 1424 370 1472 domi
394 1424 619 1482 habeant,
647 1423 776 1485 quod
801 1423 1022 1472 oderunt.
1095 1423 1313 1471 Uxorem
1333 1425 1436 1485 jam
1459 1424 1687 1487 pudicam
1710 1424 1915 1471 maritus

176 1507 338 1569 15jam
374 1524 472 1554 non
507 1506 757 1568 zelotypus
794 1505 946 1568 ejecit,
971 1505 1127 1553 filium
1159 1506 1261 1569 jam
1298 1506 1571 1568 subjectum
1607 1511 1753 1569 pater·
1783 1511 1913 1554 retro

239 1589 429 1652 patiens
454 1588 713 1646 abdicavit,
738 1605 930 1636 servum
950 1590 1051 1650 jam
1089 1588 1282 1636 fidelem
1306 1588 1532 1636 dominus
1558 1589 1672 1636 olim
1694 1589 1828 1637 mitis
1853 1590 1913 1636 ab

239 1672 390 1719 oculis
415 1670 651 1734 relegavit
674 1688 691 1717 :⁴
720 1675 776 1717 ut
801 1670 1006 1733 quisque
1030 1670 1118 1718 hoc
1146 1671 1342 1719 nomine
1368 1671 1667 1731 emendatur,
1696 1671 1909 1719 offendit.

240 1754 388 1802 Tanti
411 1771 509 1801 non
533 1757 605 1801 est
628 1754 822 1811 bonum,
845 1753 1018 1816 quanti
1043 1757 1116 1800 est
1140 1752 1304 1800 odium
1330 1753 1730 1801 Christianorum.
1766 1754 1816 1800 N
1819 1770 1913 1800 unc

239 1837 405 1899 igitur,
433 1836 474 1883 si
502 1835 712 1883 nominis
748 1835 912 1882 odium
947 1839 1034 1893 est,
1072 1835 1181 1898 quis
1217 1835 1468 1883 nominum
1504 1838 1704 1884 reatus(l
1776 1835 1913 1896 Quae

175 1937 225 1963 20
241 1919 480 1968 accusatio
505 1918 865 1976 vocabulorum,
886 1918 981 1965 nisi
1006 1917 1046 1966 si
1069 1922 1156 1966 aut
1179 1919 1442 1966 barbarum
1466 1923 1606 1966 sonat
1631 1918 1794 1981 aliqua
1817 1935 1913 1966 vox

239 2002 463 2060 nominis,
506 2005 592 2048 aut
637 2000 919 2060 infaustum,
963 2004 1050 2047 aut
1094 2001 1393 2061 maledicum,
1436 2005 1524 2049 aut
1573 2001 1910 2065 impudicum?

239 2083 549 2134 Christianus
591 2099 720 2141 vero,
768 2088 1007 2144 quantum
1053 2083 1397 2146 interpretatio
1445 2086 1532 2142 est,
1575 2084 1633 2130 de
1681 2084 1910 2131 unctione

237 2166 505 2214 deducitur.
579 2164 675 2215 Sed
706 2168 755 2212 et
791 2182 899 2212 cum
924 2182 1176 2228 perperam
1214 2165 1530 2212 Chrestianus
1562 2165 1910 2228 pronuntiatur

237 2307 279 2339 to
308 2299 525 2350 designate
552 2311 607 2336 an
637 2297 874 2348 imaginary
899 2310 945 2335 01·
976 2295 1188 2334 unnamed
1219 2307 1473 2346 personage;
1506 2296 1631 2334 much
1660 2309 1704 2334 as
1730 2296 1908 2347 English

238 2364 415 2412 lawyers
433 2360 634 2410 formerly
655 2358 875 2411 employed
889 2358 963 2396 the
982 2358 1142 2396 initials
1164 2360 1174 2378 ‘
1190 2358 1233 2396 J.
1250 2355 1322 2405 S.‚'
1342 2358 1372 2396 i.
1388 2370 1419 2395 e.
1443 2358 1453 2377 ‘
1466 2357 1584 2396 John
1604 2355 1771 2407 Styles.'

297 2436 333 2462 2.
364 2426 515 2462 Nemo
545 2424 779 2460 retractat.
839 2424 849 2441 ‘
863 2420 934 2458 No
954 2433 1031 2458 one
1062 2419 1247 2457 troubles
1268 2422 1313 2457 to
1336 2418 1527 2457 consider
1555 2419 1776 2457 whether.
1803 2450 1820 2456 .,
1836 2450 1844 2457 .
1867 2418 1876 2434 ⁷
1897 2434 1905 2465 ;

239 2501 307 2525 see
323 2490 421 2524 note
437 2498 490 2524 on
504 2487 750 2532 retractare,
771 2482 834 2522 ch.
853 2492 901 2533 25
918 2495 928 2530 ;
958 2495 1089 2532 comp.
1105 2480 1247 2532 ὅσση).
1270 2488 1306 2530 7,
1327 2483 1338 2501 ‘
1350 2494 1425 2520 nec
1439 2482 1661 2532 quisquam
1677 2480 1906 2525 retractat?

239 2552 311 2588 etc.

292 2609 331 2649 6.
362 2612 681 2654 corrumpunt.
750 2606 878 2645 Their
915 2619 1018 2657 very
1055 2605 1316 2656 recognition
1355 2604 1400 2643 of
1433 2604 1508 2643 the
1551 2605 1658 2656 good
1695 2605 1906 2656 qualities,

240 2674 379 2718 bonus,
401 2672 581 2720 prudens
605 2670 633 2721 (ζ
647 2669 691 2708 id
710 2668 822 2720 quod
843 2669 982 2707 sciunt
994 2666 1024 2718 ³)
1049 2669 1084 2706 is
1104 2667 1269 2706 marred
1288 2668 1345 2719 by
1359 2667 1433 2705 the
1447 2667 1715 2718 emprobratio
1728 2668 1908 2706 nominis

245 2734 482 2773 Christiani
501 2732 637 2771 which
659 2744 754 2783 goes
774 2731 898 2781 along
918 2731 1023 2769 with
1044 2731 1079 2769 it
1101 2732 1130 2780 (‘
1147 2744 1194 2768 eo
1209 2729 1321 2781 quod
1334 2730 1528 2780 ignorant
1542 2727 1599 2780 ’;)
1632 2743 1703 2767 σω
1704 2732 1907 2779 rampant

238 2798 274 2835 is
295 2794 511 2846 employed
531 2794 736 2844 similarly
756 2793 819 2832 ch.
840 2791 907 2843 46.

294 2871 330 2910 9.
361 2860 412 2895 in
428 2858 701 2902 suffragium
715 2858 1010 2901 impingunt:
1034 2856 1106 2893 ‘in
1124 2854 1235 2893 their
1254 2853 1376 2893 blind
1388 2853 1541 2892 hatred
1553 2821 1657 2904 they
1671 2866 1741 2891 are
1757 2853 1849 2891 driv
1853 2866 1904 2891 en

237 2925 282 2959 to
315 2932 409 2971 pass
443 2931 468 2956 a
497 2917 740 2955 favoni-able
772 2917 1006 2968 judgment.
1011 2914 1020 2933 ²
1101 2917 1188 2954 The
1219 2919 1405 2955 contrast
1437 2915 1583 2954 drawn
1613 2915 1801 2953 between
1832 2914 1903 2952 the

238 2994 373 3033 pagan
394 2979 476 3018 and
497 2978 711 3017 Christian
738 2978 844 3016 lives
874 2977 917 3016 of
932 2978 1044 3016 their
1069 2977 1223 3016 former
1241 2976 1401 3015 friends
1420 2990 1504 3015 was
1526 2990 1580 3015 an
1599 2975 1776 3026 implicit
1796 2988 1901 3012 com-

238 3041 481 3081 mendation
502 3039 546 3078 of
560 3039 672 3078 their
691 3039 947 3078 conversion.

299 3102 359 3144 16.
391 3104 653 3142 abdicavit:
676 3103 685 3122 ‘
702 3099 1021 3145 disinherited'3
1052 3101 1125 3139 the
1136 3100 1311 3152 judicial
1329 3098 1607 3150 signification
1628 3097 1673 3136 of
1688 3097 1901 3136 abdicare.

239 3167 293 3205 In
313 3165 377 3204 ch.
398 3163 422 3202 6
443 3163 747 3202 abdicaverunt
765 3163 885 3200 bears
905 3163 961 3200 its
980 3162 1100 3200 usual
1121 3175 1238 3200 sense
1260 3162 1305 3200 of
1323 3163 1332 3180 ‘
1347 3157 1557 3211 rejected)

297 3238 357 3276 23.
372 3227 694 3266 Chrestianus:
713 3236 842 3274 comp.
854 3223 1021 3262 Sueton.
1040 3223 1194 3263 Claud.
1214 3235 1232 3261 2
1240 3223 1332 3274 5‚‘J
1338 3220 1719 3271 udaeosimpulsore
1728 3219 1901 3258 Chresto
