2154 3564
223 198 243 232 1
254 198 286 232 0
681 183 1011 237 Tertulliani
1045 185 1419 254 Apologetz‘cus
1694 196 1811 248 [CAP.
1833 201 1888 238 11.

217 344 330 376 sura
388 325 741 376 circumvenis2
779 328 835 376 vsi
892 328 1105 388 damnas,
1154 346 1242 377 cur
1298 347 1395 378 non
1453 334 1502 378 et
1553 330 1796 395 inquiris?
1848 332 1889 380 si

216 428 314 458 non
360 409 583 474 inquiris,
621 428 706 459 cur
746 427 845 458 non
882 416 930 459 et
981 411 1226 460 absolvis‘.l
1297 413 1593 461 Latronibus
1643 415 1887 477 vestigan-

217 492 291 540 dis
337 510 425 556 per
468 492 720 541 universas
766 492 1041 556 provincias
1088 494 1316 542 militaris
1360 495 1506 543 statio
1554 497 1790 557 sortitur3
1835 496 1888 544 in

216 592 324 623 reos
371 575 640 638 majestatis
679 582 727 624 et
773 576 993 640 publicos
1033 577 1195 625 hostes
1234 577 1391 625 omnis
1439 578 1580 627 homo
1618 580 1756 627 miles
1799 583 1886 637 est,

178 658 280 714 5ad
315 658 481 717 socios,
518 658 580 705 ad
617 658 832 707 conscios
866 676 1023 722 usque
1057 659 1315 722 inquisitio
1352 661 1695 726 extenditur]
1719 662 1889 711 Solum

219 739 552 787 Christianum
587 740 773 804 inquiri
797 758 896 789 non
930 741 1061 801 licet,
1086 741 1249 790 offerri
1284 742 1413 801 licet,
1441 742 1578 805 quasi
1602 742 1738 790 aliud
1763 748 1889 792 esset

216 825 388 870 actura
412 822 678 885 inquisitio,
698 841 843 887 quam
870 824 1181 872 oblationem.
1221 824 1481 873 Damnatis
1509 842 1623 888 ergo
1640 826 1860 873 oblatum
1875 843 1887 885 ;

217 922 362 968 quem
384 922 523 952 nemo
548 905 704 953 voluit
729 906 1035 969 requisitum,
1058 907 1157 971 qui,
1184 913 1318 970 puto,
1332 907 1434 970 jam
1457 924 1554 954 non
1576 907 1685 955 ideo
1709 907 1890 957 meruit

217 1004 433 1051 poenam,
446 988 558 1051 quia
573 1005 747 1036 nocens
764 995 850 1048 est,
864 989 947 1036 sed
962 990 1088 1053 quia,
1099 1007 1196 1037 non
1215 990 1787 1053 requirendus,inventus
1804 994 1888 1038 est.

152 1087 201 1115 10
285 1071 461 1134 Itaque
483 1087 574 1119 nec
604 1072 658 1119 in
691 1072 777 1119 illo
803 1088 864 1120 ex
888 1073 1044 1120 forma
1079 1073 1314 1120 malorum
1332 1072 1707 1134 judicandorum
1743 1073 1888 1137 agitis

217 1170 331 1216 erga
359 1171 460 1212 nos,
487 1156 616 1218 quod
643 1156 815 1203 ceteris
840 1156 1130 1218 negantibus
1162 1155 1402 1203 adhibetis
1428 1161 1669 1204 tormenta
1693 1158 1755 1204 ad
1780 1174 1888 1204 con-

216 1232 468 1293 fitendum,
511 1234 626 1281 solis
670 1234 963 1283 Christianis
1005 1235 1068 1282 ad
1105 1235 1414 1298 negandum;
1460 1253 1587 1295 cum,
1628 1235 1668 1283 si
1705 1237 1888 1284 malum

217 1319 355 1374 esset,
397 1333 485 1363 nos
525 1317 721 1380 quidem
758 1334 1054 1380 negaremus,
1092 1334 1178 1365 vos
1212 1335 1325 1366 vero
1372 1318 1592 1366 confiteri
1630 1319 1887 1367 tormentis

217 1398 580 1460 compelleretis.
651 1400 823 1461 Neque
861 1400 989 1447 enim
1025 1400 1134 1447 ideo
1175 1400 1419 1463 putaretis
1453 1418 1551 1447 non
1592 1401 1886 1463 requirenda

152 1498 199 1538 15
218 1480 581 1543 quaestionibus
605 1482 799 1539 scelera,
820 1482 936 1545 quia
954 1482 1074 1530 certi
1091 1482 1265 1531 ‘essetis
1289 1482 1489 1531 admitti
1514 1499 1569 1531 ea
1594 1499 1654 1531 ex
1677 1483 1888 1532 nominis

217 1562 524 1621 confessione,
557 1563 642 1626 qui
666 1564 810 1612 hodie
834 1565 894 1612 de
918 1565 1132 1612 confesso
1167 1564 1423 1623 homicida,
1451 1564 1660 1613 scientes
1688 1565 1886 1614 homici-

217 1643 353 1691 dium
401 1645 521 1708 quid
567 1645 645 1704 sit,
687 1645 1005 1694 nihilominus
1047 1646 1263 1694 ordinem
1310 1647 1613 1709 extorquetis
1654 1648 1885 1697 admissi:

217 1743 313 1790 quo
362 1726 649 1789 perversius,
689 1745 800 1776 cum
840 1729 1161 1792 praesumatis
1199 1729 1260 1777 de
1298 1729 1559 1778 sceleribus
1604 1731 1786 1779 nostris
1827 1749 1888 1778 ex

215 1808 424 1858 nominis
482 1809 778 1858 confessione
825 1810 999 1874 cogitis
1042 1811 1300 1859 tormentis
1359 1813 1417 1859 de
1466 1813 1757 1861 confessione
1805 1813 1886 1862 de-

151 1906 201 1934 20
217 1892 397 1951 cedere,
446 1895 503 1939 ut
560 1896 795 1955 negantes
842 1910 1017 1941 nomen
1064 1893 1253 1956 pariter
1312 1894 1486 1957 utique
1544 1912 1774 1958 negemus
1838 1899 1888 1944 et

215 1975 410 2033 scelera,
449 1975 507 2022 de
544 1975 721 2038 quibus
756 1991 823 2023 ”ex
860 1975 1157 2024 confessione
1197 1976 1405 2024 nominis
1444 1979 1887 2042 praesumpseratis.

218 2055 327 2115 Sed,
371 2057 556 2120 opinor,
592 2075 690 2105 non
728 2057 880 2105 vultis
918 2074 1005 2105 nos
1044 2058 1216 2121 perire,
1244 2074 1364 2121 quos
1402 2060 1637 2122 pessimos
1673 2061 1885 2109 creditis.

218 2137 298 2187 Sic
342 2139 474 2186 enim
516 2139 679 2188 soletis
721 2140 882 2188 dicere
919 2140 1217 2189 homicidae:
1275 2142 1418 2204 Nega
1438 2159 1450 2200 ;
1498 2142 1673 2190 laniari
1713 2143 1886 2205 jubere

216 2221 515 2284 sacrilegum,
553 2221 595 2270 si
636 2222 853 2270 confiteri
891 2223 1289 2286 perseveraverit.
1386 2224 1441 2273 Si
1487 2242 1585 2272 non
1631 2226 1702 2274 ita
1741 2225 1887 2289 agitis

272 2365 310 2403 3.
341 2355 560 2392 sortitur:
609 2353 834 2406 passively,
874 2353 933 2393 ‘is
973 2354 1200 2406 appointed
1237 2355 1295 2407 by
1330 2354 1422 2395 lot.'
1478 2356 1647 2396 Sueton.
1692 2358 1778 2398 Oet.
1819 2370 1884 2409 32,

219 2416 230 2436 ‘
241 2419 508 2467 grassatores,
535 2415 745 2467 dispositis
766 2430 840 2467 per
859 2421 1092 2468 opportuna
1111 2417 1201 2456 loca
1221 2418 1488 2468 stationibus,
1507 2418 1721 2459 inhibuit?

273 2487 310 2528 5.
341 2479 603 2523 inquisitio.
660 2478 762 2517 This
790 2479 905 2517 word
933 2479 1017 2517 and
1045 2479 1102 2517 its
1131 2479 1313 2519 kindred
1341 2481 1442 2520 verb
1471 2495 1542 2520 are
1571 2482 1675 2521 used
1702 2483 1747 2521 in
1775 2483 1887 2522 their

217 2538 427 2578 technical
447 2540 558 2591 legal
579 2553 697 2579 sense
718 2539 763 2578 of
773 2542 789 2562 ⁴
802 2541 973 2592 seeking
992 2541 1056 2580 for
1074 2540 1198 2592 proof
1220 2542 1266 2579 in
1291 2546 1464 2594 support
1485 2544 1529 2582 of
1544 2558 1599 2583 an
1619 2545 1886 2585 accusation?

272 2600 310 2640 6.
341 2604 476 2647 quasi
496 2605 628 2641 aliud.
648 2606 771 2641 esset
792 2607 952 2643 actura
973 2616 982 2642 ε
1016 2603 1126 2654 ‘just
1145 2615 1190 2642 as
1216 2602 1253 2641 if
1267 2602 1341 2642 the
1361 2606 1540 2658 enquiry
1558 2606 1644 2646 had
1663 2621 1747 2661 any
1765 2608 1886 2648 other

219 2675 394 2714 purpose
412 2663 456 2701 in
475 2663 585 2703 view
605 2664 711 2703 than
730 2664 803 2704 the
828 2665 1081 2716 production
1100 2664 1146 2703 of
1169 2664 1243 2704 the
1262 2666 1454 2707 criminal
1479 2668 1621 2709 before
1639 2670 1713 2710 the
1732 2671 1885 2723 magis-

217 2728 347 2764 trates
365 2727 372 2764 Ξ
392 2721 403 2739 ’

275 2787 311 2824 8.
342 2789 439 2836 qui,
466 2791 593 2836 puto,
619 2789 715 2834 jam
742 2800 840 2827 non
868 2790 977 2828 ideo
1005 2795 1206 2833 meruit:
1241 2795 1291 2832 ‘a
1321 2804 1435 2841 man,
1456 2791 1480 2830 I
1505 2793 1605 2831 take
1631 2793 1679 2841 it,
1699 2793 1794 2832 who
1814 2793 1887 2833 did

218 2852 293 2887 not
322 2853 367 2887 at
396 2849 488 2887 first
517 2849 687 2888 deserve
716 2850 986 2901 punishment
1014 2853 1190 2894 because
1218 2853 1272 2893 he
1301 2867 1387 2893 was
1415 2854 1568 2906 guilty,
1588 2855 1666 2893 but
1694 2855 1884 2903 because,

218 2910 343 2962 being
363 2910 583 2949 forbidden
603 2914 646 2949 to
666 2911 718 2950 be
738 2911 888 2963 sought
909 2917 995 2962 out,
1017 2914 1070 2953 he
1089 2929 1174 2955 was
1193 2914 1350 2955 found.'

279 2982 340 3010 10.
370 2984 457 3011 nec
490 2975 542 3010 in
572 2975 658 3012 illo
689 2985 747 3012 ex
773 2975 950 3014 forma:
988 2976 1177 3016 ‘neither
1202 2978 1247 3016 in
1271 2978 1355 3017 this
1386 2977 1439 3016 do
1467 2991 1548 3030 you
1578 2977 1672 3016 deal
1701 2977 1807 3017 with
1837 2990 1885 3017 us

220 3033 440 3085 according
460 3037 504 3072 to
523 3047 627 3085 your
647 3047 796 3086 proper
815 3036 1040 3086 procedure
1059 3037 1104 3077 in
1122 3039 1298 3091 judging
1317 3037 1556 3078 criminals?

279 3107 341 3148 14.
373 3098 539 3142 Neque
561 3099 688 3134 enim
707 3099 815 3136 ideo
835 3102 1081 3143 putaretis.
1140 3103 1150 3122 ‘
1163 3101 1257 3140 Nor
1276 3101 1399 3140 could
1418 3114 1500 3151 you
1519 3100 1697 3152 pretend
1715 3100 1811 3140 that
1830 3114 1884 3140 an

219 3157 522 3208 investigation
548 3157 593 3195 of
617 3157 833 3196 Christian
856 3159 1116 3212 criminality
1134 3161 1270 3213 might
1294 3163 1345 3201 be
1374 3162 1595 3213 dispensed
1615 3162 1719 3201 with
1740 3175 1793 3201 on
1811 3162 1885 3201 the

220 3219 382 3272 ground
401 3219 496 3259 that
515 3219 588 3258 the
613 3233 725 3258 mere
750 3220 978 3271 profession
998 3221 1043 3261 of
1059 3223 1342 3277 Christianity
1361 3224 1502 3264 would
1520 3237 1647 3276 prove
1668 3224 1728 3274 it;
1757 3223 1821 3264 for
1841 3229 1885 3263 to
