2154 3564
180 231 428 283 CARXIX]
496 222 756 275 adversus
799 223 990 275 Gentes
1016 232 1120 290 pro
1165 222 1510 275 Christianis,
1771 223 1836 286 69

178 367 459 415 retrosiores
507 367 938 429 deprehenduntur
985 365 1285 428 primoribus
1324 365 1499 413 vestris
1541 365 1840 428 sapientibus

178 454 229 496 et
264 448 477 511 legiferis
523 453 573 495 et
619 448 878 496 historicis.
950 448 1085 495 Haec
1127 447 1302 509 quibus
1350 446 1601 494 ordinibus
1642 448 1841 509 probari

176 532 376 594 possint,
401 547 499 576 non
534 534 635 577 tam
664 530 858 577 difficile
893 534 966 577 est
1002 529 1141 576 nobis
1178 545 1429 591 exponere,
1450 545 1596 591 quam
1633 546 1837 586 enorme,

177 629 265 660 nec
287 613 511 671 arduum,
540 612 624 659 sed
647 611 844 659 interim
868 612 1082 674 longum.
1157 611 1332 658 Multis
1357 610 1707 669 instrumentis,
1730 628 1839 658 cum

177 694 440 758 digitorum
464 694 765 757 supputariis
791 693 1040 756 gesticulis
1067 692 1380 740 assidendum
1404 698 1492 741 est.
1564 693 1840 740 Reseranda
1857 704 1879 744 5

176 776 625 838 antiquissimarum
651 776 797 823 etiam
827 775 1048 838 gentium
1064 775 1274 833 archiva,
1301 774 1674 838 Aegyptiorum,
1696 775 1838 823 Chal-

175 858 417 916 daeorum,
461 858 788 917 Phoenicum,
843 857 1109 904 advocandi
1153 856 1299 904 etiam
1339 856 1609 919 municipes
1657 874 1838 915 eorum,

174 957 260 1002 per
319 956 437 1002 quos
495 939 674 986 notitia
744 938 1115 986 subministrata
1181 942 1254 985 est
1270 955 1282 997 3
1355 938 1511 1001 aliqui
1570 938 1841 986 Manethon

174 1021 461 1084 Aegyptius,
499 1027 547 1068 et
595 1021 802 1068 Berosus
852 1020 1136 1080 Chaldaeus,
1176 1021 1261 1067 sed
1309 1026 1357 1067 et
1399 1021 1590 1068 Iromus
1623 1020 1841 1068 Phoenix

174 1103 294 1166 Tyri
328 1120 443 1163 rex;
485 1107 745 1150 sectatores
770 1119 959 1165 quoque
997 1119 1162 1149 eorum
1199 1102 1480 1150 Mendesius
1515 1102 1837 1161 Ptolemaeus,
1860 1126 1910 1153 10

174 1192 222 1233 et
249 1186 515 1232 Menander
539 1184 794 1247 Ephesius,
823 1189 873 1232 et
902 1184 1181 1232 Demetrius
1207 1184 1484 1243 Phalereus,
1506 1189 1557 1233 et
1582 1202 1671 1233 rex
1690 1185 1721 1232 J
1726 1185 1838 1242 uba,

174 1272 223 1314 et
246 1266 459 1330 Appion,
486 1271 536 1313 et
572 1266 786 1325 Thallus,
814 1270 865 1313 et
901 1265 986 1328 qui
1017 1265 1136 1313 istos
1172 1272 1260 1314 aut
1295 1266 1471 1328 probat
1503 1271 1591 1314 aut
1620 1266 1838 1323 revincit,

172 1349 389 1396 Judaeus
403 1349 434 1395 J
440 1349 644 1410 osephus
661 1348 1018 1411 antiquitatum
1026 1347 1339 1395 Judaicarum
1351 1349 1636 1396 vernaculus
1646 1348 1839 1396 vindex.

175 1430 466 1478 Graecorum
503 1431 650 1478 etiam
681 1431 928 1478 censuales
954 1430 1245 1489 conferendi,
1271 1437 1321 1478 et
1352 1447 1474 1493 quae
1508 1432 1697 1494 quando
1742 1431 1842 1478 sint

172 1517 322 1573 gesta,
363 1519 419 1559 ut
457 1512 875 1560 concatenationes
918 1516 1191 1574 temporum
1239 1513 1537 1574 aperiantur,
1579 1530 1667 1575 per
1715 1529 1838 1575 quae
1858 1535 1905 1575 15

171 1594 362 1641 luceant
399 1595 646 1642 annalium
681 1594 885 1643 numeri.
958 1594 1373 1655 Peregrinandum
1410 1598 1482 1642 est
1518 1594 1571 1641 in
1612 1594 1839 1642 historias

173 1680 221 1722 et
258 1676 447 1724 litteras
487 1677 633 1724 orbis.
705 1677 773 1723 Et
809 1681 973 1722 tamen
1009 1676 1148 1736 quasi
1180 1681 1369 1738 partem
1399 1677 1501 1739 jam
1538 1676 1839 1739 probationis

172 1758 440 1816 intulimus,
459 1775 606 1820 quum
631 1775 717 1821 per
742 1774 863 1820 quae
887 1757 1083 1819 probari
1101 1757 1302 1821 possint,
1320 1759 1626 1820 aspersimus,
1655 1759 1839 1806 Verum

173 1839 364 1887 differre
399 1844 632 1902 praestat,
669 1857 730 1887 ne
754 1840 833 1887 vel
868 1839 1027 1886 minus
1064 1856 1411 1902 persequamur
1448 1841 1735 1899 festinando,
1760 1841 1838 1889 vel

172 1920 358 1969 diutius
381 1938 639 1984 evagemur
662 1921 1007 1984 persequendo.
1856 1943 1907 1970 20

229 2049 264 2075 2.
293 2040 556 2077 historicis:
590 2035 887 2084 ‘historians'3
919 2051 962 2076 so
989 2038 1133 2077 Cicero
1153 2050 1246 2077 uses
1270 2038 1343 2077 the
1363 2038 1478 2077 word
1501 2038 1661 2089 Topica
1685 2050 1748 2078 20.
1770 2040 1833 2090 78,

173 2102 183 2119 ‘
199 2103 382 2138 oratores
403 2104 445 2139 et
464 2099 730 2151 philosophos
751 2104 793 2139 et
812 2104 957 2151 poetas
978 2103 1021 2139 et
1041 2099 1285 2148 historicos3
1316 2113 1366 2138 ex
1386 2113 1565 2151 quorum
1585 2105 1627 2139 et
1648 2101 1771 2139 dictis
1792 2105 1834 2139 et

171 2161 335 2212 scriptis
365 2175 485 2212 saepe
514 2162 778 2201 auctoritatis
806 2163 966 2213 petitur
993 2162 1047 2200 ad
1076 2162 1310 2201 faciendam
1337 2160 1487 2201 fidem'
1503 2177 1514 2211 3
1543 2162 1628 2201 and
1646 2163 1835 2202 Juvenal

171 2236 242 2262 vn.
267 2234 354 2273 104.

225 2297 263 2334 4.
294 2287 463 2323 Multis
484 2286 813 2324 instrumentis
836 2315 844 2323 .
869 2315 879 2325 .
902 2316 912 2324 .
935 2287 1238 2324 assidendum
1267 2290 1352 2324 est.
1411 2285 1515 2323 ‘We
1541 2289 1655 2324 must
1681 2285 1833 2324 betake

172 2347 381 2385 ourselves
402 2351 446 2385 to
464 2360 592 2399 many
613 2347 855 2385 documents
874 2347 978 2386 with
998 2348 1193 2386 intricate
1213 2344 1512 2386 calculations.'

226 2406 263 2446 6.
298 2411 500 2447 archiva.
569 2408 612 2446 A
658 2409 890 2460 post-class.
925 2407 1148 2448 word=⁷a
1188 2408 1343 2457 ἀρχεῖα,
1384 2412 1396 2429 ‘
1412 2409 1485 2447 the
1534 2406 1750 2457 archives,'
1788 2422 1833 2447 or

173 2471 183 2488 ‘
199 2473 308 2508 state
327 2482 475 2520 papers
490 2468 500 2484 ⁹
518 2483 527 2517 3
551 2470 713 2508 termed
734 2472 744 2490 ‘
760 2470 1043 2509 instrumenta
1063 2467 1258 2521 imperii,'
1278 2469 1426 2520 Scorp.
1452 2480 1513 2519 15.

230 2538 263 2580 7.
295 2533 557 2569 advocandi
586 2533 728 2569 etiam
756 2533 1018 2577 municipes
1049 2544 1222 2570 eorum.
1295 2531 1399 2568 ‘We
1427 2535 1540 2569 must
1568 2544 1759 2569 summon
1787 2536 1832 2570 to

172 2606 247 2630 our
277 2591 348 2630 aid
380 2592 453 2630 the
487 2592 920 2643 fellow-countrymen
955 2592 999 2631 of
1027 2592 1146 2631 those
1178 2593 1284 2630 from
1314 2591 1452 2630 whom
1486 2606 1560 2630 our
1587 2592 1832 2644 knowledge

172 2654 206 2691 is
236 2653 399 2704 gained,
415 2667 439 2691 a
468 2652 672 2691 Manetho
701 2653 808 2692 from
826 2654 1022 2705 Aegypt.
1046 2683 1055 2692 .
1079 2651 1100 2692 .’
1144 2653 1227 2691 For
1247 2653 1331 2691 this
1352 2666 1424 2691 use
1445 2653 1489 2691 of
1509 2655 1748 2704 municipes,
1769 2667 1829 2705 cp.

171 2715 360 2754 Juvenal
379 2715 434 2752 iv.
458 2726 534 2763 333
564 2715 648 2753 xiv.
673 2722 774 2765 2713
806 2716 948 2753 Cicero
968 2715 1091 2753 Brut.
1116 2722 1178 2765 70.
1206 2713 1294 2764 246.

230 2788 290 2816 10.
322 2781 597 2816 sectatores:
631 2777 764 2815 ‘their
784 2777 990 2827 disciples,
1010 2774 1105 2815 t00.’

231 2850 290 2876 12.
324 2840 530 2876 Thallus.
580 2837 680 2876 This
696 2838 902 2876 historian
918 2850 1003 2876 was
1022 2837 1262 2876 mentioned
1280 2837 1422 2885 above,
1436 2837 1540 2888 frag.
1546 2868 1557 2886 ,
1574 2838 1658 2877 and
1673 2838 1735 2877 ch.
1758 2849 1805 2876 10
1821 2852 1831 2887 ;

172 2900 255 2939 and
273 2900 339 2938 his
358 2900 565 2951 Assyrian
582 2899 746 2950 history
764 2900 800 2937 is
819 2899 1002 2938 referred
1019 2903 1063 2938 to
1082 2900 1277 2938 Lactant.
1299 2899 1325 2937 i.
1352 2912 1370 2937 2
1380 2910 1402 2948 3
1417 2912 1427 2946 3
1457 2913 1516 2949 cp.
1533 2898 1588 2938 ib.
1615 2912 1665 2950 14
1679 2914 1690 2949 ;
1720 2900 1828 2939 Min.

172 2963 259 3000 Fel.
285 2973 332 2999 22
350 2975 360 3010 ;
390 2961 543 3000 Euseb.
558 2974 706 3011 praep.
728 2962 892 3010 Ευαηῃ.
914 2974 953 2998 x.
980 2974 995 2998 1
1013 2974 1023 3006 ;
1052 2962 1163 2999 Tert.
1186 2961 1242 2998 ad
1261 2960 1365 2999 Nat.
1388 2961 1429 2999 ii.
1455 2972 1516 2998 12.

281 3028 329 3062 et
358 3026 440 3070 qui
478 3025 595 3062 istos
632 3026 812 3068 probat.
871 3022 999 3061 ‘And
1027 3023 1140 3061 their
1168 3023 1287 3061 critic
1315 3023 1539 3074 Josephus,
1568 3023 1662 3062 who
1695 3023 1831 3062 either

171 3085 362 3124 confirms
381 3085 492 3123 their
511 3087 708 3122 accounts
729 3097 773 3122 or
792 3083 977 3122 convicts
1000 3083 1118 3122 them
1139 3083 1183 3122 of
1198 3081 1336 3122 error.’

231 3157 291 3195 14.
322 3148 574 3185 censuales
632 3145 675 3183 A
697 3145 806 3196 legal
826 3148 932 3183 term
953 3143 996 3182 of
1011 3144 1098 3185 late
1126 3158 1213 3194 use,
1234 3147 1244 3166 ‘
1257 3144 1331 3184 the
1351 3142 1525 3183 censor’s
1544 3144 1637 3183 lists
1652 3142 1687 3193 ’ς
1716 3157 1829 3183 more

173 3208 354 3260 usually,
377 3212 386 3230 ‘
402 3208 474 3248 the
495 3208 712 3260 compilers
734 3208 778 3246 of
791 3207 866 3247 the
885 3205 1005 3247 1ists.’
