2154 3564
313 208 379 262 82
771 208 1103 260 Tertulliani
1135 207 1506 275 Apologetz'cus
1705 215 1822 268 [CAP.
1839 218 1977 256 XXH.

310 353 561 401 indoctum
595 351 648 398 in
684 369 826 399 usum
864 351 1111 399 maledicti
1146 352 1441 414 frequentat,
1483 368 1595 398 nam
1636 354 1685 398 et
1733 349 1977 408 Satanam,

309 434 581 498 principem
603 433 749 496 hujus
777 433 895 481 mali
924 434 1125 495 generis,
1151 433 1353 497 proinde
1378 434 1437 481 de
1462 434 1660 497 propria
1685 431 1980 481 conscientia

310 517 514 575 animae,
533 517 697 564 eadem
717 516 1062 563 exsecramenti
1077 533 1194 564 voce
1212 516 1516 578 pronuntiat.
1553 515 1768 578 Angelos
1787 530 1978 578 quoque

311 600 460 648 etiam
490 600 628 646 Plato
653 616 749 645 non
782 597 1009 661 negavit,
1047 598 1305 661 utriusque
1330 598 1541 647 nominis
1564 603 1712 647 testes
1736 599 1815 647 vel
1847 596 1980 659 magi

269 704 292 746 5
313 682 503 729 adsunt.
577 680 673 729 Sed
720 680 956 743 quomodo
1003 680 1062 727 de
1108 679 1294 743 angelis
1336 680 1628 744 quibusdam
1674 697 1761 729 sua
1807 684 1979 743 sponte

310 763 552 827 corruptis
583 762 858 825 corruptior
883 779 1001 825 gens
1027 762 1313 810 daemonum
1338 762 1547 811 evaserit
1573 763 1799 811 damnata
1821 780 1850 810 a
1874 761 1979 809 Deo

310 864 419 894 cum
450 845 640 909 generis
668 843 964 902 auctoribus,
999 849 1047 892 et
1083 862 1191 892 cum
1225 861 1279 892 eo
1316 861 1460 907 quem
1496 845 1708 892 diximus
1743 843 1977 909 principe,

309 929 442 992 apud
465 928 658 976 litteras
677 931 869 985 sanctas
890 927 1057 974 ordine
1077 927 1397 989 cognoscitur.
1457 927 1603 975 Nunc
1623 928 1682 975 de
1702 926 1979 991 operatione

309 1028 473 1058 eorum
520 1010 637 1058 satis
685 1008 780 1057 erit
828 1026 1080 1072 exponere.
1154 1009 1386 1072 Operatio
1434 1026 1600 1056 eorum
1648 1014 1723 1057 est
1768 1008 1979 1056 hominis
2009 1060 2012 1064 ἡ

245 1113 293 1141 10
310 1093 520 1142 eversio:
569 1092 637 1141 sic
672 1091 865 1139 malitia
901 1091 1140 1154 spiritalis
1178 1109 1206 1139 a
1241 1091 1509 1155 primordio
1545 1091 1794 1154 auspicata
1821 1094 1897 1139 est
1927 1090 1980 1137 in

309 1174 520 1223 hominis
550 1173 770 1222 exitium.
839 1174 1015 1236 Itaque
1051 1174 1332 1237 corporibus
1365 1173 1566 1237 quidem
1603 1179 1652 1221 et
1675 1172 1981 1221 valetudines

309 1258 542 1321 infligunt
572 1261 622 1304 et
652 1257 842 1319 aliquos
872 1273 1009 1305 casus
1039 1257 1247 1315 acerbos,
1274 1257 1463 1304 animae
1487 1273 1602 1303 vero
1627 1255 1907 1319 repentinos
1932 1258 1982 1303 et

309 1339 717 1388 extraordinarios
736 1357 822 1402 per
836 1340 938 1388 vim
957 1357 1193 1388 excessus.
1256 1338 1490 1403 Suppetit
1514 1338 1613 1386 illis
1638 1339 1700 1386 ad
1723 1342 1980 1401 utramque

309 1423 634 1471 substantiam
668 1421 878 1470 hominis
914 1422 1187 1470 adeundam
1222 1421 1348 1469 mira
1391 1421 1639 1470 subtilitas
1681 1425 1730 1469 et
1764 1420 1981 1469 tenuitas

371 1563 405 1592 1.
436 1564 547 1591 nam
567 1556 614 1590 et
637 1554 869 1590 Satanam.
927 1550 1017 1590 The
1046 1554 1137 1590 text
1167 1551 1203 1589 is
1231 1564 1335 1602 very
1354 1551 1576 1590 uncertain
1603 1551 1649 1589 in
1676 1549 1763 1589 this
1792 1562 1980 1600 passage.
2031 1581 2038 1585 ,

311 1611 582 1654 Tertullian's
600 1614 799 1665 meaning
819 1626 950 1652 seems
971 1617 1015 1652 to
1034 1613 1087 1652 be
1105 1613 1202 1652 that
1229 1613 1361 1652 Satan
1383 1613 1420 1651 is
1440 1612 1714 1664 unwittingly
1733 1611 1918 1650 referred
1936 1615 1982 1650 to

311 1677 358 1716 in
377 1675 451 1715 the
469 1676 743 1727 maledictory
763 1675 1043 1714 exclamation
1064 1675 1110 1714 of
1124 1675 1198 1714 the
1220 1675 1383 1726 vulgar,
1405 1674 1459 1713 M
1458 1674 1572 1714 alum
1590 1676 1607 1713 l
1628 1675 1788 1724 (eadem
1802 1687 1981 1713 exsecra-

311 1738 443 1777 menti
462 1737 726 1792 voce),vsince
745 1737 780 1775 it
799 1737 1034 1788 recognises
1056 1738 1066 1757 ⁶
1086 1737 1171 1776 evil
1188 1734 1197 1751 ’
1226 1736 1273 1774 in
1300 1736 1374 1775 the
1402 1737 1589 1775 abstract
1610 1737 1750 1788 (apart
1769 1735 1877 1774 from
1896 1749 1982 1788 any

313 1801 485 1839 definite
514 1799 852 1838 manifestatione
887 1800 933 1838 of
959 1797 1060 1850 evil)
1094 1799 1179 1837 and
1206 1797 1417 1837 therefore
1445 1798 1519 1837 the
1547 1798 1645 1837 Evil
1676 1798 1777 1838 One.
1836 1798 1979 1849 Oomp.

313 1862 365 1900 de
385 1864 473 1901 test.
491 1862 618 1901 anim.
643 1872 680 1910 3,
704 1863 715 1881 ‘
730 1860 934 1899 Satanam
954 1860 1138 1912 denique
1157 1861 1202 1899 in
1222 1860 1335 1899 omni
1356 1860 1621 1899 aversatione
1634 1863 1677 1898 et
1688 1860 1982 1911 aspernatione

313 1926 356 1961 et
376 1922 657 1962 detestatione
675 1922 939 1973 pronuntias,
960 1935 1084 1973 quem
1104 1934 1179 1959 nos
1201 1921 1379 1960 dicimus
1398 1921 1590 1960 malitiae
1610 1919 1833 1972 angelum,’
1855 1926 1925 1961 etc.

369 1996 405 2034 3.
439 1986 647 2030 Angelos
662 2013 671 2022 .
691 2014 700 2023 .
719 2015 729 2024 .
749 1985 888 2022 Plato
903 1996 1001 2022 non
1015 1986 1218 2029 negavit.
1259 1983 1372 2022 Plat.
1388 1982 1579 2035 Sympos.
1596 1983 1644 2020 28
1662 1996 1672 2031 ;
1701 1982 1822 2034 Diog.
1839 1982 1979 2022 Laert.

310 2047 369 2087 iii.
395 2056 459 2099 79,
478 2046 602 2085 οἴεται
629 2045 671 2085 δὲ
695 2076 704 2085 .
726 2077 734 2085 .
757 2075 767 2086 .
790 2044 976 2094 δαίμονας
997 2043 1108 2086 εἶναι.
1167 2047 1250 2085 For
1270 2049 1459 2095 adsunt,
1479 2047 1618 2085 others
1638 2046 1740 2085 read
1759 2051 1952 2085 asserunt.

369 2111 406 2149 8.
438 2111 564 2155 apud.
596 2110 781 2147 litteras
815 2112 1015 2148 sanctas.
1072 2108 1310 2147 Tertullian
1341 2121 1386 2147 so
1420 2109 1608 2159 explains
1642 2108 1747 2147 Gen.
1773 2108 1829 2148 vi.
1866 2120 1904 2157 2,
1933 2109 1982 2147 de

312 2171 416 2211 idol.
450 2184 502 2223 9;
543 2171 594 2210 de
623 2171 734 2221 virg.
765 2170 840 2209 vel.
864 2177 916 2221 73
948 2170 996 2208 de
1026 2169 1126 2210 cult.
1149 2171 1251 2221 fem.
1282 2170 1310 2210 i.
1344 2181 1381 2218 2,
1413 2181 1450 2219 3,
1479 2170 1619 2209 where
1647 2170 1702 2208 he
1730 2173 1879 2221 quotes
1907 2169 1982 2209 the

313 2234 432 2272 Book
453 2232 497 2271 of
513 2232 656 2272 Enoch
674 2228 719 2270 to
740 2231 811 2270 the
832 2244 946 2270 same
972 2244 1164 2282 purpose.
1222 2230 1322 2269 This
1346 2231 1672 2282 interpretation
1693 2244 1777 2270 was
1800 2231 1982 2283 adopted

311 2297 369 2347 by
387 2308 518 2346 many
537 2294 655 2345 early
673 2293 886 2332 Christian
905 2293 1068 2332 writers
1092 2291 1192 2344 (and
1211 2306 1297 2332 was
1320 2293 1366 2331 in
1391 2296 1501 2343 part,
1529 2293 1721 2344 perhaps,
1742 2293 1824 2332 due
1844 2297 1889 2332 to
1907 2293 1981 2333 the

313 2357 442 2395 LXX
460 2355 601 2408 (Alex.
616 2353 733 2407 MS.)
747 2354 920 2406 reading
935 2354 970 2392 οἱ
990 2352 1161 2404 ἄγγελοι
1182 2354 1245 2393 for
1265 2352 1340 2392 υἱοὶ
1359 2354 1433 2392 τοῦ
1453 2354 1545 2392 θεοῦ
1565 2355 1611 2392 in
1630 2355 1703 2393 the
1722 2358 1814 2394 text
1834 2354 1980 2408 cited),

311 2420 391 2458 but
409 2424 483 2458 not
503 2418 560 2470 by
577 2418 651 2457 the
671 2417 882 2456 universal
902 2429 1125 2456 consensus
1155 2416 1199 2455 of
1224 2416 1415 2455 Catholic
1435 2416 1694 2457 authorities,
1753 2418 1783 2456 J
1787 2418 1980 2469 osephus,

312 2481 416 2520 Ant.
436 2481 471 2520 J
471 2481 541 2520 ud.
563 2481 591 2519 i.
615 2492 651 2530 3,
673 2479 750 2518 has
769 2479 842 2518 the
862 2492 975 2518 same
994 2479 1342 2530 interpretatiom
1372 2492 1439 2518 see
1454 2480 1541 2518 also
1560 2481 1674 2519 Just.
1697 2480 1829 2520 Mart.
1850 2480 1980 2531 Apol.

313 2546 340 2584 i.
365 2556 440 2591 21;
468 2545 510 2583 ii.
535 2542 585 2590 63
615 2544 728 2582 Iren.
752 2543 844 2581 adv.
866 2542 984 2581 haer.
1005 2542 1060 2580 iv.
1084 2540 1150 2591 36,
1174 2549 1251 2592 70;
1280 2555 1319 2580 v.
1344 2553 1421 2593 293
1451 2542 1581 2581 Clem.
1602 2543 1727 2583 Alex,
1759 2543 1894 2582 Paed.
1919 2543 1981 2583 iii.

317 2618 336 2644 2
357 2619 366 2654 ;
395 2605 551 2645 Strom.
572 2605 631 2643 iii.
653 2612 701 2655 73
730 2617 770 2642 v.
791 2615 808 2642 Ι
828 2617 837 2650 ;
868 2604 992 2656 prr.
1015 2604 1062 2644 de
1081 2603 1176 2643 hab.
1196 2605 1300 2654 viry.
1319 2615 1343 2654 9
1362 2617 1372 2651 ;
1404 2603 1454 2642 de
1464 2608 1562 2655 pat.
1583 2615 1628 2642 11
1651 2617 1661 2652 ;
1692 2604 1766 2644 the
1785 2606 1981 2656 question

314 2670 350 2707 is
369 2667 479 2719 fully
497 2665 710 2706 discussed
738 2665 795 2717 by
813 2666 1071 2717 Augustine,
1102 2668 1260 2716 quaest.
1283 2665 1342 2703 ad
1368 2665 1470 2705 Gen.
1493 2666 1520 2704 i.
1545 2678 1596 2716 33
1627 2666 1676 2705 de
1706 2668 1783 2705 civ.
1813 2667 1897 2706 Dei
1923 2681 1980 2707 xv

318 2741 394 2778 233
423 2743 555 2780 comp.
576 2730 746 2768 Jerome
768 2730 950 2778 qaaestt.
981 2728 1028 2766 in
1060 2726 1159 2766 Gen.
1187 2726 1245 2767 ad
1277 2727 1379 2776 loc.;
1408 2728 1523 2779 Orig.
1554 2731 1685 2767 contr.
1710 2728 1818 2769 Cels.
1840 2742 1879 2767 v.
1903 2739 1979 2779 553

316 2792 411 2843 Oyr.
432 2791 555 2830 Alex.
577 2790 672 2830 adv.
693 2789 903 2840 Anthrop.
929 2796 991 2840 17.

374 2864 435 2901 13.
466 2864 695 2901 exceSSUS,
724 2848 1039 2899 ‘aberrations,’
1075 2848 1333 2890 ‘excesses’:
1363 2850 1437 2889 the
1467 2851 1583 2890 word
1613 2851 1649 2889 is
1682 2851 1784 2890 used
1821 2852 1866 2890 in
1894 2851 1979 2890 this

315 2927 436 2953 sense
465 2915 595 2953 above
623 2914 687 2953 ch.
719 2926 757 2966 9,
786 2913 870 2952 and
898 2914 956 2964 by
975 2926 1000 2951 a
1027 2912 1137 2951 later
1164 2912 1328 2957 author,
1358 2912 1561 2952 Prudent.
1595 2918 1721 2952 contr.
1751 2912 1902 2965 Symm.
1934 2913 1976 2953 ii.

315 2989 409 3028 990.
468 2977 669 3015 Excedere
691 2975 775 3014 and
796 2988 984 3014 eea-cessus
1003 2988 1074 3013 are
1094 2974 1210 3013 often
1230 2974 1331 3012 used
1357 2975 1599 3026 absolutely
1617 2975 1680 3014 for
1699 2975 1820 3023 mori,
1840 2987 1951 3014 'mors
1968 2988 1978 3023 ;

317 3052 349 3076 e.
363 3051 406 3089 y.
428 3038 490 3076 ch.
515 3048 580 3087 25,
602 3037 647 3075 of
660 3037 735 3076 the
755 3037 884 3076 death
904 3037 949 3075 of
965 3037 1139 3076 Marcus
1157 3036 1362 3075 Aurelius
1380 3049 1391 3085 3
1419 3037 1470 3076 de
1491 3040 1576 3076 test.
1599 3050 1668 3076 an.
1691 3049 1729 3087 4.

430 3103 649 3146 Suppetit
668 3103 780 3147 illis,
802 3101 811 3119 ‘
828 3100 944 3151 gives
964 3099 1082 3138 them
1102 3097 1267 3139 access?

427 3165 487 3202 ad.
518 3166 673 3201 utram
706 3164 1020 3201 substantiam
1051 3163 1284 3201 hominis:
1325 3162 1355 3200 i.
1373 3174 1404 3200 e.
1435 3161 1509 3200 the
1538 3159 1748 3212 corporea]
1781 3160 1865 3200 and
1894 3161 1977 3212 spi<

315 3225 446 3265 ritual
464 3228 580 3276 parts
600 3222 645 3263 of
659 3236 770 3263 man.
