2154 3564
212 174 478 227 CAP.XV11.]
529 167 788 219 adversus
832 167 1024 218 Gentes
1049 176 1154 233 pro
1199 166 1541 219 Chrz‘slz'am‘S.
1797 176 1865 234 59

276 314 328 360 Is
378 315 485 359 erat
524 310 726 358 auribus
765 309 981 368 asininis,
1021 310 1173 357 altero
1206 309 1328 371 pede
1363 309 1646 371 ungulatus,
1687 309 1869 356 librum

208 399 418 458 gestans,
439 398 488 441 et
512 397 725 455 togatus.
796 391 1012 439 Risimus
1036 396 1085 438 et
1109 408 1281 438 nomen
1307 395 1356 438 et
1381 392 1603 438 formam.
1678 391 1771 438 Sed
1795 391 1870 437 illi

209 477 451 524 debebant
484 476 689 523 adorare
725 475 890 524 statim
925 474 1130 522 biforme
1158 490 1350 530 numen,
1380 472 1494 535 quia
1530 477 1580 519 et
1616 472 1786 519 canino
1823 478 1871 519 et

206 558 397 606 leonino
433 558 594 620 capite
628 557 917 615 commistos,
944 562 993 604 et
1017 557 1076 602 de
1106 571 1250 617 capro
1286 560 1334 601 et
1360 555 1418 601 de
1455 555 1604 602 ariete
1631 559 1871 613 cornutos,

208 646 257 688 et
291 657 321 688 a
355 640 536 687 lumbis
572 639 746 698 hircos,
785 643 835 686 et
870 656 898 686 a
933 637 1159 685 cruribus
1201 641 1463 700 serpentes,
1503 641 1553 684 et
1594 637 1761 699 planta
1795 638 1872 683 vel
1889 656 1910 695 5

207 726 346 783 tergo
381 722 520 769 alites
556 722 668 769 deos
706 725 1004 785 receperunt.
1077 720 1210 766 Haec
1248 736 1307 767 ex
1342 719 1626 777 abundanti,
1658 735 1717 765 ne
1754 718 1873 780 quid

209 805 416 852 rumoris
452 804 836 867 irrepercussum
868 800 1010 865 'quasi
1039 802 1096 848 de
1133 800 1425 848 conscientia
1459 801 1870 863 praeterissemus.

210 885 346 945 Quae
389 886 563 944 omnia,
603 885 822 933 conversi
854 886 956 946 jam
1007 884 1070 930 ad
1117 881 1579 930 demonstrationem
1625 882 1874 946 religionis

208 972 417 1028 nostrae,
444 968 829 1031 repurgavimus,

827 1169 1050 1218 CAPUT
1099 1168 1261 1215 XVH.
1896 1198 1944 1224 10

278 1295 429 1355 QUOD
465 1294 664 1342 colimus
708 1291 854 1361 [nos],
891 1294 1024 1341 Deus
1059 1310 1185 1341 unus
1222 1297 1325 1350 est;
1381 1292 1467 1354 qui
1508 1296 1663 1339 totam
1703 1293 1877 1340 molem

208 1379 356 1426 istam
425 1395 534 1424 cum
603 1376 733 1424 omni
802 1376 1129 1424 instrumento
1187 1375 1548 1433 elementorum,
1608 1391 1876 1437 corporum,

209 1460 486 1523 spirituum,
513 1459 675 1516 verbO,
703 1475 798 1521 quo
829 1458 987 1520 jussit,
1026 1456 1231 1516 ratione,
1258 1473 1355 1518 qua
1392 1456 1649 1518 disposuit,
1678 1457 1876 1513 virtute,

209 1559 306 1605 qua
347 1542 524 1606 potuit,
565 1541 624 1588 de
665 1540 820 1587 nihilo
857 1538 1109 1602 expressit,
1145 1539 1198 1585 in
1234 1543 1573 1585 ornamentum
1608 1539 1876 1600 majestatis

210 1640 352 1672 suae:
391 1624 518 1671 unde
550 1628 598 1671 et
624 1622 798 1670 Graeci
834 1638 1007 1669 nomen
1040 1621 1219 1669 mundo
1244 1624 1405 1678 κόσμου
1432 1621 1877 1668 accomodaverunt.
1897 1644 1943 1684 15

210 1705 482 1754 Invisibilis
526 1710 611 1764 est,
649 1704 743 1752 etsi
783 1704 1009 1753 videatur
1027 1719 1039 1763 3
1089 1702 1604 1765 incomprehensibilis,
1651 1702 1745 1750 etsi
1790 1719 1878 1766 per

210 1788 420 1850 gratiam
440 1790 856 1851 repraesentetur;
893 1785 1280 1843 inaestimabilis,
1298 1784 1386 1832 etsi
1409 1784 1633 1832 humanis
1659 1784 1878 1832 sensibus

211 1926 295 1965 and
321 1926 395 1965 the
423 1926 571 1965 article
600 1923 840 1965 Calomnies
867 1927 1007 1963 contre
1032 1923 1092 1962 les
1103 1936 1237 1974 prem.
1260 1922 1396 1962 Chret.
1417 1922 1463 1960 in
1483 1920 1739 1973 Martigny’s
1760 1921 1879 1961 Dict.

209 1991 283 2028 des
310 1989 408 2028 Ant.
439 1989 590 2037 (ΗΜ-ἑά,
618 1987 757 2026 where
786 2000 810 2025 a
839 1987 1030 2026 woodcut
1058 1985 1102 2024 of
1126 1985 1200 2024 the
1229 1985 1396 2036 graffito
1424 1985 1459 2022 is
1488 1985 1626 2034 given.
1684 1984 1880 2023 Another

209 2050 372 2102 theory,
391 2051 598 2098 however,
615 2049 754 2088 would
773 2050 943 2100 explain
955 2049 1043 2087 this
1058 2047 1395 2099 representation
1416 2059 1461 2084 as
1476 2060 1501 2085 a
1516 2046 1690 2084 Gnostic
1703 2046 1878 2097 symbol.

210 2112 331 2164 King
352 2111 546 2152 Gnostios
565 2111 653 2150 and
674 2109 784 2148 their
805 2110 1008 2149 Remains
1026 2123 1068 2160 p.
1092 2120 1183 2158 230.

266 2173 306 2215 6.
338 2177 468 2213 Haeo
488 2186 546 2212 ex
565 2174 841 2212 abundanti.
903 2171 1008 2210 ‘We
1036 2171 1145 2210 have
1173 2169 1339 2210 treated
1367 2169 1442 2208 the
1470 2172 1629 2208 matter
1647 2174 1693 2208 at
1712 2168 1879 2220 length,

209 2237 290 2276 lest
311 2266 320 2275 .
341 2266 351 2274 .
374 2266 383 2275 .
397 2234 407 2252 ’

269 2311 331 2339 11.
364 2300 504 2344 Quod
534 2299 732 2337 colimus
765 2295 908 2347 [nos],
930 2299 1058 2335 Deus
1089 2307 1211 2333 unus
1241 2298 1326 2333 est.
1382 2294 1472 2332 The
1500 2292 1634 2331 Oreed
1652 2293 1879 2344 implicit-,ly

211 2360 465 2412 underlying
482 2359 569 2397 this
596 2358 682 2397 and
709 2356 783 2396 the
812 2357 1026 2408 following
1054 2357 1247 2407 chapters
1278 2356 1427 2394 should
1455 2356 1507 2394 be
1536 2354 1754 2405 compared
1773 2354 1878 2393 with

209 2423 283 2461 the
302 2423 413 2461 Rule
435 2421 481 2459 of
495 2420 624 2460 Faith
651 2419 778 2471 given
805 2419 856 2458 de
878 2432 1071 2470 praescr.
1093 2418 1207 2457 haer.
1233 2429 1281 2467 13
1299 2430 1309 2465 ;
1340 2417 1436 2455 adv.
1458 2417 1594 2456 Prax.
1618 2427 1637 2453 2
1657 2429 1668 2465 3
1699 2416 1749 2454 de
1768 2417 1877 2467 virq,

210 2485 288 2523 vel.
312 2496 347 2524 1.
405 2485 547 2534 Comp.
569 2483 683 2521 Iren.
704 2483 833 2519 contr.
853 2481 966 2520 haer.
987 2481 1015 2521 i.
1042 2492 1114 2528 103
1148 2480 1232 2518 and
1252 2493 1319 2518 see
1337 2482 1449 2527 note,
1472 2479 1535 2517 ch.
1555 2485 1622 2530 47.

269 2556 331 2596 15.
351 2548 477 2584 unde
494 2549 541 2583 et
560 2546 728 2583 Graeci
744 2554 919 2582 nomen
933 2545 1108 2581 mundo
1128 2540 1284 2589 κόσμον
1300 2554 1308 2580 :
1339 2538 1489 2588 κόσμος
1502 2553 1587 2579 was
1602 2539 1695 2578 first
1709 2539 1878 2590 applied

210 2612 255 2646 to
274 2607 346 2646 the
365 2607 578 2646 Universe
590 2607 647 2656 by
662 2606 936 2659 Pythagoras,
957 2605 1132 2643 because
1152 2602 1197 2641 of
1212 2603 1267 2641 its
1280 2602 1439 2653 perfect
1453 2601 1574 2640 order
1586 2601 1671 2640 and
1683 2614 1877 2652 arrange-

212 2673 342 2717 ment,
362 2669 409 2707 in
428 2669 661 2719 opposition
680 2671 725 2707 to
744 2669 817 2707 the
836 2667 1048 2718 indiyesta
1067 2664 1194 2703 moles
1214 2663 1259 2702 of
1274 2664 1422 2702 Chaos.

270 2731 331 2771 16.
362 2732 877 2776 incomprehensibilis:
907 2729 1009 2767 here
1038 2728 1122 2766 and
1153 2728 1198 2765 in
1231 2726 1294 2766 ch.
1316 2727 1386 2776 48,
1415 2726 1461 2764 in
1489 2725 1543 2764 its
1571 2726 1716 2764 literal
1745 2738 1877 2774 sense,

211 2794 335 2832 ‘that
365 2795 517 2831 cannot
550 2792 602 2830 be
631 2791 863 2839 touched’3
904 2802 948 2828 so
979 2788 1275 2840 comprehendi
1307 2788 1457 2835 below,
1492 2800 1537 2826 as
1568 2787 1789 2839 explained
1821 2788 1879 2837 by

210 2854 406 2894 'manibus
426 2852 574 2904 quibus
595 2853 924 2891 contaminatur.

332 2927 416 2961 per
444 2915 644 2960 gratiam
668 2916 1062 2959 repraesentetur,
1087 2909 1364 2948 ‘manifested
1382 2909 1567 2961 through
1585 2922 1708 2961 grace
1723 2907 1760 2958 '3
1791 2911 1821 2948 i.
1844 2923 1876 2949 e.

211 2976 396 3028 through
423 2976 505 3014 His
533 2976 721 3026 gracious
740 2974 976 3013 revelation
1002 2971 1046 3010 of
1062 2972 1259 3010 Himself.
1316 2971 1641 3022 Repraesentari
1660 2972 1877 3010 here=re=

212 3039 366 3086 velari,
394 3037 696 3088 manffestari3
725 3036 771 3074 in
796 3036 871 3074 the
889 3034 1110 3086 preceding
1134 3032 1305 3084 chapter
1331 3033 1367 3071 it
1399 3033 1434 3071 is
1466 3033 1568 3071 used
1591 3033 1635 3070 in
1661 3033 1736 3070 the
1763 3045 1878 3070 more

212 3099 382 3151 general
402 3110 520 3137 sense
541 3097 585 3135 of
600 3111 626 3135 a
644 3096 840 3135 material
865 3094 1199 3147 representation
1226 3108 1271 3132 or
1294 3093 1442 3145 image.
1503 3094 1558 3131 In
1583 3094 1669 3132 late
1694 3093 1822 3131 Latin
1842 3093 1878 3130 it

212 3162 333 3201 bears
352 3160 426 3199 the
445 3159 642 3211 meaning
669 3158 867 3200 attached
893 3162 939 3197 to
968 3170 1043 3196 our
1071 3169 1145 3195 use
1173 3156 1219 3195 of
1246 3153 1511 3208 ‘representj
1523 3173 1559 3188 =
1574 3159 1583 3175 ‘
1596 3155 1720 3194 stand
1738 3155 1783 3193 in
1802 3153 1876 3192 the
