2154 3564
206 211 303 248 CAP.
321 203 436 256 X11.]
535 196 797 248 adversus
833 195 1026 248 Gentes
1056 203 1155 262 pro
1200 195 1541 248 Christianis.
1797 212 1831 259 4
1834 206 1865 260 5

205 343 436 405 qualium.
528 340 624 390 Sed
658 345 716 389 ut
751 341 970 389 omittam
1006 340 1149 403 hujus
1192 339 1506 401 indignitatis
1548 342 1867 387 retractatum

204 424 344 488 probi
367 428 417 471 et
440 422 624 485 integri
649 427 698 471 et
721 423 838 470 boni
873 422 1070 470 fuerint.
1145 421 1276 481 Quot
1312 426 1478 468 tamen
1502 420 1716 483 potiores
1741 421 1868 468 viros

205 506 337 569 apud
367 505 546 552 inferos
578 505 878 568 reliquistis2
915 505 1129 567 aliquem
1161 504 1219 550 de
1252 503 1490 566 sapientia
1523 502 1784 560 Socratem,
1811 502 1869 549 de

198 587 395 650 Justitia
430 585 714 646 Aristidem,
750 587 809 634 de
843 586 1023 633 militia
1056 585 1437 643 Themistoclem,
1476 584 1535 631 de
1569 584 1867 631 sublimitate

205 668 554 727 Alexandrum,
591 669 650 716 de
699 667 932 715 felicitate
982 667 1298 728 Polycratem,
1337 666 1395 712 de
1437 665 1572 728 copia
1623 664 1867 724 Croesum,
1886 689 1909 728 5,

204 751 264 798 de
304 751 580 813 eloquentia
627 749 1036 798 Demosthenem2
1131 748 1253 808 Quis
1301 765 1361 796 ex
1407 748 1507 795 illis
1554 746 1648 794 diis
1694 746 1868 794 vestris

203 832 402 896 gravior
430 838 479 879 et
511 831 774 894 sapientior
799 830 998 888 Catone,
1019 829 1204 892 justior
1233 833 1282 880 et
1313 828 1578 876 militarior
1608 827 1868 890 Scipione‘.l

205 914 315 978 quis
340 914 594 961 sublimior
629 912 872 975 Pompeio,
898 911 1086 958 felicior
1111 910 1263 969 Sulla,
1290 911 1525 973 copiosior
1563 909 1746 967 Crasso,
1773 909 1870 957 elo-

204 996 433 1059 quentior
458 996 648 1043 Tullio?
720 995 916 1054 Quanto
940 994 1135 1056 dignius
1164 993 1283 1041 istos
1321 994 1432 1041 deos
1455 993 1537 1040 ille
1562 992 1870 1040 assumendos

204 1082 541 1141 exspectasset,
561 1076 807 1140 praescius
831 1075 1002 1138 utique
1026 1075 1273 1138 potiorum
1293 1076 1310 1122 2
1361 1075 1663 1137 Properavit,
1684 1074 1867 1137 opinor,
1889 1099 1937 1125 10

203 1166 252 1208 et
276 1161 459 1208 caelum
479 1160 625 1208 semel
649 1158 808 1216 clusit,
831 1163 881 1206 et
900 1175 1027 1205 nunc
1041 1157 1212 1220 utique
1232 1157 1514 1205 melioribus
1539 1157 1670 1221 apud
1693 1156 1869 1204 inferos

203 1243 574 1290 mussitantibus
599 1240 852 1288 erubescit.

852 1509 1072 1560 CAPUT
1109 1512 1223 1558 XII.

272 1657 436 1705 CESSO
473 1658 574 1719 jam
618 1656 676 1705 de
718 1656 840 1717 istis,
886 1661 945 1705 ut
986 1656 1070 1720 qui
1108 1656 1256 1705 sciam
1296 1672 1372 1703 me
1413 1673 1475 1703 ex
1515 1655 1622 1719 ipsa
1662 1655 1869 1705 veritate

204 1740 646 1787 demonstraturum
682 1739 802 1802 quid
837 1757 934 1787 non
977 1739 1088 1796 sint,
1128 1756 1280 1802 quum
1316 1738 1565 1785 ostendero
1595 1738 1722 1800 quid
1757 1738 1867 1787 sint.
1889 1762 1935 1802 15

204 1822 454 1882 Quantum
494 1820 652 1883 igitur
689 1821 748 1868 de
791 1822 885 1869 diis
926 1820 1116 1879 vestris,
1157 1820 1354 1867 nomina
1395 1820 1692 1869 solummodo
1730 1821 1869 1868 video

202 1904 507 1968 quorundam
542 1907 762 1950 veterum
796 1907 1114 1962 mortuorum,
1150 1907 1200 1949 et
1234 1902 1421 1950 fabulas
1458 1903 1616 1960 audio,
1647 1907 1697 1950 et
1733 1920 1870 1951 sacra

203 1987 262 2034 de
296 1985 474 2033 fabulis
510 2002 825 2047 recognosco,
863 1989 1099 2048 quantum
1136 1988 1299 2032 autem
1332 1985 1390 2031 de
1427 1984 1699 2032 simulacris
1734 1984 1868 2048 ipsis,

203 2068 329 2115 nihil
365 2067 501 2115 aliud
537 2067 857 2130 deprehendo,
896 2084 1038 2130 quam
1074 2066 1304 2114 materias
1341 2083 1526 2114 sorores
1564 2083 1662 2114 esse
1696 2084 1868 2115 vascu-

259 2224 298 2253 2.
323 2215 503 2252 fuerint
522 2225 530 2252 :
563 2214 575 2234 ‘
593 2224 768 2263 suppose
788 2211 892 2263 they
910 2225 1021 2253 were
1042 2241 1051 2250 .
1077 2241 1086 2250 .
1108 2209 1133 2249 .’

259 2287 295 2326 3.
326 2278 384 2314 de
414 2277 647 2321 sapientia
679 2277 933 2314 Socratem.
990 2273 1100 2312 Plin.
1132 2273 1205 2312 vii.
1238 2284 1283 2323 31
1308 2285 1318 2321 3
1347 2272 1446 2312 Val.
1478 2272 1597 2312 Max,
1628 2273 1686 2311 iii.
1717 2285 1771 2324 43
1801 2285 1868 2311 see

203 2337 352 2386 below,
375 2337 440 2376 ch.
462 2335 529 2387 46.

313 2402 371 2438 de
402 2400 591 2445 justitia
628 2398 903 2437 Aristidem.
979 2397 1207 2442 Aristides,
1247 2410 1291 2435 so
1328 2396 1565 2435 celebrated
1603 2409 1755 2447 among
1792 2396 1867 2435 the

205 2461 364 2500 Greeks
393 2461 477 2499 and
506 2459 731 2512 especially
750 2463 795 2498 at
823 2459 991 2498 Athens
1020 2459 1084 2497 for
1111 2459 1176 2497 his
1205 2459 1357 2510 justice
1386 2457 1471 2496 and
1500 2458 1660 2509 equity‚
1690 2457 1784 2500 that
1813 2458 1867 2496 he

204 2522 396 2561 received
413 2522 486 2560 the
505 2535 734 2572 cognomen
753 2521 774 2559 ὃ
797 2519 954 2560 δίκαιος.
1011 2521 1128 2560 Plut.
1142 2522 1216 2559 vit.
1238 2519 1373 2558 Arist.

259 2594 299 2634 4.
328 2585 528 2622 militia:
560 2583 773 2633 ‘military
801 2581 945 2630 skill’3
976 2583 1126 2621 Florus
1155 2582 1210 2620 iv.
1244 2591 1265 2631 5
1296 2592 1389 2619 uses
1419 2579 1492 2618 the
1519 2579 1635 2619 word
1664 2579 1728 2619 for
1762 2580 1866 2619 ‘sol-

206 2644 340 2696 dierly
360 2657 538 2694 courage
550 2640 561 2659 ⁹
573 2656 582 2690 ;
611 2647 797 2682 conti-ast
816 2644 873 2682 its
892 2657 965 2682 use
983 2643 1042 2694 by
1059 2642 1296 2684 Tertullian
1316 2642 1459 2689 above,
1484 2641 1548 2681 ch.
1571 2653 1610 2692 9.

261 2716 298 2755 5.
330 2708 389 2744 de
410 2707 636 2744 felicitate
662 2706 968 2751 Polycratem.
1026 2704 1124 2742 Val.
1145 2703 1261 2741 Max.
1283 2703 1337 2741 vi.
1360 2714 1397 2754 9.
1421 2713 1457 2753 5.

261 2765 300 2806 6.
329 2769 386 2805 de
409 2768 679 2811 eloquentia
699 2769 1078 2806 Demosthenem.
1135 2765 1232 2803 Val.
1256 2765 1372 2803 Max.
1393 2764 1448 2802 iv.
1471 2774 1493 2814 5
1512 2775 1523 2811 ;
1550 2764 1640 2802 viii.
1666 2771 1700 2815 7.

264 2838 300 2882 7.
329 2830 584 2867 militarior
616 2830 848 2873 Scipione.
905 2828 1016 2866 Plin.
1050 2827 1121 2866 vii.
1160 2834 1238 2878 27;
1283 2840 1351 2865 see
1384 2826 1473 2870 also
1505 2826 1560 2867 ib.
1594 2825 1656 2873 26,
1691 2837 1758 2877 44,
1789 2837 1864 2876 30;

207 2905 253 2932 11.
276 2901 340 2942 54.

262 2965 300 3004 9.
332 2955 521 2997 Quanto
555 2953 746 2997 dignius
782 2982 791 2991 .
823 2981 833 2991 .
867 2980 877 2990 .
908 2953 1018 2990 ille:
1059 2951 1090 2990 i.
1114 2963 1148 2988 e.
1184 2952 1195 2971 ‘
1213 2949 1429 2992 sublimior
1461 2949 1562 2988 deus
1596 2953 1639 2989 et
1669 2962 1864 3000 manceps

208 3011 473 3061 divinitatis,’
496 3013 640 3051 above.

263 3083 327 3125 17.
359 3086 490 3113 sacra
509 3077 567 3112 de
588 3075 761 3112 fabulis
781 3086 789 3111 :
822 3074 833 3094 ³
846 3072 1045 3123 religious
1065 3072 1167 3112 rites
1188 3071 1372 3112 founded
1392 3085 1503 3124 upon
1520 3072 1594 3111 the
1612 3069 1771 3111 fables.’

265 3146 329 3187 19.
360 3137 579 3174 materias
600 3147 806 3174 sorores:
840 3135 850 3154 ‘
866 3134 1026 3173 similar
1046 3131 1316 3173 substances.’
1372 3134 1513 3185 Comp.
1535 3133 1679 3172 Isaiah
1696 3133 1798 3171 xliv.
1820 3131 1862 3169 ff.

208 3196 273 3236 for
290 3196 365 3235 the
384 3209 497 3235 same
517 3195 704 3234 satirical
724 3199 960 3248 argument.
