2154 3564
281 173 346 225 88
744 170 1075 224 Tertulliani
1110 172 1160 222 Α
1155 170 1481 238 polegetz'cus
1646 178 1761 231 [CAP.
1785 181 1944 224 XXIII.

279 317 348 364 dii
374 317 474 365 sint
501 334 658 381 neque
681 316 771 364 11111
794 315 894 374 3111,
921 314 1070 363 etiam
1104 314 1230 361 illud
1264 313 1317 361 in
1349 312 1621 363 continenti
1644 314 1943 378 cognoscitis,

280 399 365 462 qui
400 400 465 448 sit
496 417 607 448 vere
631 399 780 456 Deus,
807 403 856 446 et
891 416 955 446 an
991 398 1088 456 ille,
1115 402 1165 444 et
1200 413 1263 443 an
1294 396 1479 455 unicus,
1506 414 1648 460 quem
1679 396 1948 445 Christiani

279 482 578 546 profitemur,
605 486 655 530 et
679 498 741 528 an
775 479 848 528 ita
881 479 1147 528 credendus
1172 479 1506 542 colendusque,
1530 486 1586 528 ut
1609 480 1742 538 fides,
1767 485 1824 528 ut
1849 478 1947 528 dis-

280 564 459 628 ciplina
488 564 724 627 disposita
747 567 820 611 6513
846 561 1253 610 Christianorum.

241 671 264 711 5
350 647 530 695 Dicent
565 645 774 693 ibidem:
818 644 1000 708 Ecquis
1028 644 1113 691 ille
1148 644 1376 692 Christus
1409 661 1519 692 cum
1550 661 1636 692 sua
1668 644 1864 693 fabula‘?
1906 643 1950 692 si

281 731 422 777 homo
465 728 730 777 communis
771 727 1080 786 condicionis,
1120 726 1161 774 si
1198 743 1381 788 magUS,
1417 725 1460 774 si
1496 731 1608 790 post
1650 732 1853 774 mortem
1891 727 1951 773 de

283 812 506 875 sepulcro
525 829 553 858 a
573 810 823 873 discipulis
850 810 1123 873 subreptus,
1141 808 1183 857 si
1207 826 1332 856 nunc
1357 809 1563 871 denique
1587 825 1732 872 penes
1756 809 1949 867 inferos,

284 893 327 942 si
360 911 459 941 non
493 893 546 940 in
582 893 727 940 caelis
762 892 942 955 potius,
969 896 1018 939 et
1052 892 1163 939 inde
1188 896 1426 940 venturus
1460 909 1570 938 cum
1593 891 1745 939 totius
1779 890 1952 938 mundi

283 981 435 1035 motu,
478 993 588 1023 cum
634 975 833 1022 horrore
875 973 1018 1032 orbis,
1058 991 1168 1022 cum
1213 975 1412 1037 planctu
1458 974 1687 1033 omnium,
1730 974 1813 1022 sed
1853 991 1952 1021 non

220 1080 269 1108 10
286 1059 690 1118 Christianorum,
724 1062 782 1105 1113
817 1057 911 1104 Dei
941 1057 1114 1105 Virtus
1149 1062 1198 1104 613
1233 1056 1329 1105 Dei
1366 1056 1580 1120 Spiritus
1617 1061 1666 1105 et
1702 1057 1868 1106 Sermo
1905 1062 1954 1104 et

285 1140 537 1203 Sapientia
590 1145 638 1187 et
684 1140 833 1187 Ratio
881 1142 930 1186 et
975 1138 1073 1186 Dei
1117 1138 1292 1187 Filius.
1364 1139 1709 1202 Quodcumque
1766 1138 1954 1195 ridetis,

283 1223 473 1270 rideant
509 1227 558 1270 et
593 1222 666 1269 illi
690 1222 970 1280 vobiscum;
1012 1227 1192 1283 negent
1228 1220 1481 1269 Christum
1517 1238 1705 1269 omnem
1739 1221 1801 1269 ab
1836 1236 1955 1269 aevo

283 1305 498 1354 animam
544 1304 773 1352 restituto
821 1321 1018 1367 corpore
1061 1304 1411 1367 judicaturum.
1497 1304 1678 1352 Dicant
1723 1304 1812 1351 hoc
1865 1320 1955 1366 pro

285 1387 536 1445 tribunali,
588 1387 629 1435 si
675 1387 817 1446 sorte,
867 1387 1065 1435 Minoen
1112 1391 1162 1435 et
1210 1387 1637 1436 Rhadamanthum
1690 1387 1955 1435 secundum

219 1486 270 1528 15
288 1486 573 1518 consensum
608 1470 827 1517 Platonis
864 1475 911 1517 et
946 1475 1199 1533 poetarum
1236 1487 1337 1517 6556
1374 1470 1597 1530 50111105,
1634 1487 1747 1517 51136
1783 1469 1956 1517 53116111

285 1552 580 1615 ignominiae
611 1556 660 1599 et
694 1553 1019 1600 damnationis
1054 1557 1219 1600 notam
1255 1553 1499 1600 refutent:
1540 1557 1748 1599 renuant
1784 1568 1833 1599 se
1867 1551 1957 1598 im-

286 1635 494 1682 mundos
520 1633 722 1696 spiritus
748 1651 862 1692 esse,
890 1634 1020 1697 quod
1043 1634 1121 1682 vel
1147 1651 1206 1681 ex
1238 1633 1431 1698 pabulis
1457 1651 1622 1681 eorum
1652 1633 1883 1696 sanguine
1909 1639 1958 1681 et

287 1719 420 1765 fumo
468 1721 518 1764 613
564 1716 749 1779 putidis
798 1717 929 1779 rogis
976 1733 1204 1779 pecorum
1251 1720 1300 1764 et
1345 1716 1738 1779 impuratissimis
1778 1715 1960 1778 linguis

287 1799 503 1862 ipsorum
528 1803 699 1847 vatum
732 1799 942 1860 intelligi
974 1799 1146 1846 debuit
1161 1816 1173 1858 3
1212 1803 1419 1847 renuant
1456 1800 1515 1846 ob
1551 1799 1790 1847 malitiam
1824 1816 1958 1862 prae·

222 1896 273 1924 20
289 1883 541 1929 damnatos
565 1898 614 1928 56
638 1880 691 1927 111
717 1881 922 1928 eundem
943 1881 1117 1943 judicii
1141 1881 1268 1929 diem
1294 1899 1402 1929 cum
1436 1881 1657 1929 omnibus
1694 1881 1959 1929 cultoribus

289 1969 339 2012 et
365 1963 700 2027 operatoribus
725 1963 839 2012 suis.
901 1963 1060 2027 Atqui
1085 1964 1241 2012 omnis
1267 1964 1382 2012 haec
1410 1968 1578 2012 nostra
1601 1964 1653 2010 in
1677 1963 1785 2011 illos
1810 1964 1962 2011 domi-

290 2046 424 2094 natio
461 2050 511 2094 et
547 2050 765 2109 potestas
802 2047 860 2093 de
896 2046 1225 2094 nominatione
1262 2047 1449 2095 Christi
1485 2047 1630 2106 valet,
1657 2053 1705 2095 61
1742 2047 1800 2094 de
1836 2064 1958 2095 com-

350 2159 388 2200 5.
419 2151 593 2188 Dicent
623 2151 828 2189 ibidem:
863 2152 1053 2197 Ecquis.
1117 2150 1256 2202 ‘They
1275 2151 1363 2189 will
1387 2163 1459 2203 say
1478 2150 1789 2203 immediately:
1819 2150 1963 2189 “And

293 2211 387 2251 who
407 2212 442 2250 is
461 2211 546 2250 this
568 2211 710 2250 Christ
731 2212 833 2251 with
854 2213 919 2251 his
945 2216 1060 2264 story
1075 2213 1087 2252 ’ἔ
1102 2210 1128 2228 ”
1170 2225 1215 2251 35
1235 2212 1272 2250 if
1296 2213 1366 2251 He
1385 2226 1495 2252 were
1521 2226 1547 2251 a
1571 2226 1670 2251 man
1695 2212 1739 2251 of
1764 2212 1964 2264 ordinary

293 2272 520 2318 condition,
551 2286 597 2312 as
627 2272 664 2311 if
689 2302 698 2312 .
731 2303 740 2312 .
771 2271 798 2314 .’
868 2274 941 2312 An
969 2273 1224 2313 alternative
1253 2274 1426 2326 reading
1453 2274 1570 2325 gives
1601 2274 1779 2313 ‘Dicent
1807 2274 1964 2313 ibidem

294 2336 388 2387 quis
416 2335 490 2374 ille
520 2335 617 2374 Chr.
649 2349 745 2373 cum
773 2348 851 2374 sua
879 2335 1048 2384 fabula3
1087 2336 1122 2374 si
1150 2336 1273 2375 homo
1296 2367 1305 2376 .
1330 2367 1339 2376 .
1365 2333 1388 2375 .'
1454 2336 1598 2388 ‘They
1627 2336 1718 2385 (the
1747 2335 1962 2386 daemons)

293 2397 383 2437 will
401 2397 479 2435 tell
505 2410 589 2448 you
613 2401 658 2436 at
686 2397 760 2436 the
786 2410 900 2436 same
919 2398 1024 2437 time
1043 2398 1137 2437 who
1158 2398 1299 2437 Christ
1318 2398 1354 2437 is
1368 2410 1378 2447 ;
1408 2397 1598 2437 whether
1623 2411 1668 2436 or
1691 2411 1746 2436 no
1779 2398 1845 2437 He
1874 2399 1910 2437 is
1940 2411 1965 2437 a

294 2472 408 2498 mere
427 2471 527 2497 man
547 2488 556 2497 .
579 2489 588 2499 .
612 2456 637 2497 .'

353 2531 415 2558 12.
445 2522 634 2596 rideant
653 2525 702 2560 et
722 2523 795 2559 illi
817 2523 1063 2560 vobiscum
1082 2535 1091 2560 t
1116 2522 1199 2561 ‘let
1217 2522 1335 2561 them
1356 2522 1410 2571 (if
1421 2521 1523 2575 they
1542 2520 1661 2574 dare)
1682 2521 1770 2573 join
1795 2521 1840 2559 in
1860 2534 1965 2573 your

295 2581 482 2622 ridicule.

407 2645 464 2682 ab
493 2655 608 2683 aevo
630 2661 666 2675 =
686 2657 713 2682 a
738 2643 990 2695 primordio,
1013 2645 1142 2684 ‘from
1162 2644 1235 2684 the
1262 2645 1492 2697 beginning
1521 2644 1566 2683 of
1580 2644 1653 2684 the
1673 2642 1830 2684 world.'
1889 2643 1966 2683 See

296 2707 409 2752 note,
434 2704 497 2742 ch.
523 2704 585 2744 18.

355 2775 418 2813 13.
449 2768 622 2804 Dicant
641 2768 730 2805 hoc
756 2779 842 2812 pro
869 2769 1110 2806 tribunali.
1160 2767 1266 2806 ‘Let
1294 2768 1411 2807 them
1440 2770 1571 2807 assert
1596 2767 1691 2806 that
1718 2767 1858 2806 Minos
1883 2766 1966 2805 and

299 2826 649 2926 Rhiadamanthus
686 2827 740 2878 (if
773 2828 808 2867 it
839 2829 891 2868 be
925 2829 988 2879 so)
1021 2829 1130 2868 have
1164 2829 1269 2868 been
1307 2829 1534 2881 appointed
1572 2833 1616 2868 to
1654 2829 1740 2868 this
1772 2829 1888 2868 office
1926 2828 1972 2866 of

296 2889 343 2940 ju
375 2892 530 2938 gment.
556 2919 563 2927 .
585 2920 594 2929 .
618 2887 642 2927 .'

356 2958 418 3000 17.
450 2962 508 2988 ex
527 2953 726 2995 pabulis.
783 2952 925 3003 Comp.
947 2952 1010 2993 ch.
1032 2965 1096 2993 22.

360 3021 420 3060 19.
451 3014 809 3055 praedamnatos
826 3026 875 3052 se
890 3016 941 3052 in
957 3018 1156 3053 eundem
1169 3017 1339 3061 judicii
1360 3017 1498 3055 diem.
1551 3016 1691 3066 Comp.
1708 3026 1727 3052 2
1750 3014 1843 3053 Pet.
1866 3013 1908 3051 ii.
1925 3025 1967 3062 4,

303 3071 371 3110 ‘in
389 3072 594 3122 judicium
613 3075 818 3113 reservari
834 3073 866 3120 ';
897 3075 937 3115 S.
955 3075 1085 3115 Matt.
1107 3078 1192 3116 viii.
1218 3089 1278 3129 29.

359 3144 421 3171 21.
452 3137 775 3178 operatoribus
797 3138 906 3176 suis.
965 3137 1017 3175 In
1037 3139 1091 3176 its
1111 3139 1316 3178 technical
1337 3137 1531 3189 religious
1553 3150 1685 3187 sense,
1705 3136 1953 3178 ‘devoteeS.⁷

359 3205 422 3234 22.
454 3198 510 3234 de
526 3198 847 3236 nominatione
869 3200 1055 3237 Christi.
1100 3199 1139 3239 S.
1157 3200 1286 3240 Matt.
1301 3200 1371 3239 vii.
1385 3211 1431 3238 22
1450 3213 1460 3248 ;
1492 3199 1531 3238 S.
1547 3199 1665 3238 Luke
1679 3199 1733 3238 ix,
1748 3210 1800 3250 49
1816 3212 1826 3247 3
1846 3212 1886 3238 x.
1904 3207 1966 3249 17.
