2154 3564
303 202 323 235 1
342 200 406 235 10
767 183 1096 235 Tertulliani
1130 182 1180 233 Α
1178 182 1504 250 pologetz'czcs
1652 190 1770 242 [CAP.
1789 191 1965 230 XXXV.

299 328 469 391 religio
495 327 844 390 deputabitur?
917 326 960 374 O
985 343 1071 373 nos
1104 325 1279 373 merito
1316 325 1641 374 damnandos!
1716 325 1816 373 Cur
1840 324 1969 382 enim

299 415 415 458 vota
440 415 489 458 et
524 410 702 474 gaudia
728 410 989 459 Caesarum
1025 407 1147 456 casti
1179 412 1229 455 et
1261 407 1413 455 sobrii
1440 408 1581 471 probi
1614 407 1969 472 expungimus‘ss

300 510 388 540 cur
424 493 501 540 die
536 494 665 540 laeto
701 510 799 539 non
835 492 1016 539 laureis
1047 493 1212 554 postes
1251 489 1596 537 obumbramus
1631 507 1719 538 nec
1757 489 1970 537 lucernis
2045 512 2049 515 -

301 575 430 622 diem
469 575 820 638 infringimus}
894 575 1116 622 Honesta
1161 589 1238 620 res
1285 577 1359 620 est
1402 572 1725 621 sollemnitate
1776 573 1973 635 publica

261 659 526 721 5exigente
567 658 771 706 induere
810 656 976 704 domui
1017 661 1134 704 tuae
1170 655 1399 703 habitum
1439 655 1646 719 alicujus
1681 654 1796 703 novi
1831 655 1971 717 lupa-

301 740 447 788 naris.
517 740 680 791 Velim
715 745 878 788 tamen
902 739 955 786 in
990 739 1079 785 hac
1111 754 1300 801 quoque
1337 737 1570 800 religione
1607 737 1842 785 secundae
1871 754 1973 784 ma-

297 821 505 884 jestatis,
569 822 628 870 de
689 839 784 885 qua
853 820 906 867 in
964 819 1229 868 secundum
1297 819 1603 882 sacrilegium
1663 820 1975 867 convenimur

304 905 587 963 Christiani,
624 923 724 952 non
770 904 1056 952 celebrando
1103 903 1349 951 vobiscum
1396 903 1647 951 sollemnia
1697 902 1971 960 Caesarum,

304 1005 398 1051 quo
446 1005 575 1036 more
617 988 853 1036 celebrari
894 1006 981 1036 nec
1018 987 1256 1036 modestia
1294 1005 1380 1036 nec
1426 988 1722 1036 verecundia
1756 1005 1844 1035 nec
1884 1006 1974 1051 pu-

239 1083 289 1111 10
304 1071 472 1119 dicitia
533 1071 846 1133 permittunt,
909 1071 993 1119 sed
1052 1070 1238 1118 occasio
1297 1071 1562 1133 voluptatis
1622 1070 1776 1133 magis
1833 1087 1976 1133 quam

303 1154 452 1216 digna
494 1154 617 1201 ratio
659 1153 914 1216 persuasit,
953 1153 1100 1200 fidem
1142 1156 1192 1200 et
1228 1152 1486 1201 veritatem
1523 1157 1738 1201 vestram
1780 1153 1978 1201 demon-

304 1243 484 1296 strare3
534 1253 594 1284 ne
636 1237 759 1284 forte
800 1241 849 1284 et
889 1235 1037 1283 isthic
1076 1234 1340 1283 deteriores
1379 1235 1673 1283 Christianis
1711 1235 1977 1298 deprehen-

306 1320 501 1377 dantur,
521 1319 606 1381 qui
631 1335 717 1366 nos
741 1319 915 1366 nolunt
938 1319 1180 1365 Romanos
1203 1318 1387 1377 haberi,
1407 1318 1491 1366 sed
1515 1319 1676 1366 hostes
1701 1318 1978 1380 principum

306 1402 644 1448 Romanorum.
737 1401 877 1464 Ipsos
927 1400 1159 1461 Quirites,
1208 1400 1364 1463 ipsam
1423 1400 1737 1448 vernaculam
1796 1404 1978 1462 septem

242 1504 290 1545 15
307 1483 500 1531 collium
539 1483 730 1546 plebem
767 1483 1010 1542 conveniO,
1050 1500 1112 1530 an
1148 1483 1295 1530 alicui
1334 1483 1532 1531 Caesari
1569 1501 1656 1531 suo
1691 1486 1859 1545 parcat
1893 1482 1980 1528 illa

305 1567 473 1630 lingua
516 1566 765 1613 Romana?
836 1565 995 1613 Testis
1037 1570 1110 1615 est
1148 1566 1351 1624 Tiberis,
1391 1571 1439 1613 et
1478 1566 1663 1613 scholae
1698 1565 1978 1613 bestiarum.

366 1689 401 1716 2.
433 1677 759 1724 expungimus,
781 1678 792 1696 ‘
807 1675 989 1726 perform
1003 1674 1012 1690 ’
1030 1688 1039 1722 3
1069 1688 1136 1715 see
1156 1679 1271 1723 note,
1294 1675 1357 1715 ch.
1383 1687 1418 1714 2.

364 1751 399 1789 3.
433 1740 609 1777 laureis
638 1742 796 1783 postes
827 1740 1162 1776 obumbramus
1180 1752 1187 1777 :
1220 1751 1350 1789 comp.
1383 1738 1517 1776 Tacit.
1551 1740 1659 1776 Anu.
1689 1750 1757 1776 xv.
1796 1744 1859 1787 71,
1892 1739 1901 1757 ‘
1917 1750 1978 1775 or-

309 1814 411 1839 nare
429 1801 553 1838 lauru
574 1798 764 1838 domum’
785 1812 795 1846 ;
826 1799 877 1836 de
896 1798 998 1838 idol.
1028 1810 1075 1848 15
1090 1812 1208 1850 pass,
1232 1813 1241 1847 ;
1272 1799 1330 1837 ad
1348 1813 1464 1838 uxor.
1485 1799 1529 1837 ii.
1551 1797 1587 1838 6.

365 1862 403 1901 6.
433 1863 662 1906 religione
684 1864 915 1900 secundae
942 1863 1213 1907 majestatis.
1272 1861 1414 1912 Comp.
1436 1860 1499 1900 ch.
1526 1861 1589 1908 28,
1609 1859 1693 1898 and
1712 1859 1787 1898 the
1806 1872 1980 1910 passage

313 1924 421 1963 from
440 1923 498 1962 ad
517 1923 621 1962 Nat.
644 1923 670 1963 i.
697 1931 743 1973 17
775 1923 933 1973 quoted
961 1923 1007 1961 in
1035 1927 1134 1962 note
1163 1923 1295 1963 there.
1353 1924 1411 1961 In
1440 1923 1513 1961 the
1542 1921 1758 1973 following
1787 1922 1980 1972 chapters

315 1986 467 2036 reliyio
488 1986 523 2023 is
542 1984 784 2035 frequently
803 1985 905 2023 used
924 1985 970 2022 in
989 1984 1075 2023 this
1095 1998 1215 2024 sense
1236 1985 1282 2024 of
1301 1986 1466 2038 loyalty
1485 1989 1530 2023 to
1550 1984 1623 2023 the
1644 1997 1843 2035 emperor.

375 2058 435 2086 11.
468 2049 609 2085 fidem
634 2051 681 2084 et
699 2048 951 2085 veritatem
970 2051 1177 2085 vestram
1198 2050 1528 2086 demonstrare.
1578 2046 1679 2085 This
1705 2046 1741 2084 is
1770 2045 1816 2084 of
1837 2057 2003 2084 course-

316 2109 490 2148 ironical
510 2122 517 2147 :
548 2108 623 2147 the
644 2109 771 2146 satire
791 2109 826 2146 is
846 2107 1075 2146 continued
1094 2107 1242 2157 below,
1264 2111 1274 2129 ‘
1292 2109 1425 2147 Plane
1444 2108 1572 2146 ceteri
1592 2108 1755 2145 ordines
1778 2137 1786 2146 .
1811 2137 1820 2145 .
1843 2104 1866 2144 .'

376 2183 437 2221 14.
465 2173 765 2210 vernaculam
784 2172 991 2215 plebem:
1021 2182 1152 2220 comp.
1167 2172 1178 2191 ‘
1190 2170 1416 2208 vernacula
1435 2167 1695 2217 multitudo,'
1711 2168 1842 2207 Tacit.
1864 2168 1981 2207 Ann.

317 2248 344 2272 1.
368 2244 431 2282 31.

375 2305 437 2345 15.
472 2295 714 2334 convenio.
763 2293 862 2331 This
886 2292 1003 2331 word
1022 2291 1097 2330 has
1116 2292 1204 2343 just
1225 2292 1422 2331 occurred
1442 2293 1486 2330 in
1506 2293 1563 2331 its
1584 2292 1765 2331 forensic
1786 2305 1919 2340 sense,
1937 2305 1981 2330 as

318 2358 364 2395 in
382 2357 444 2396 ch.
463 2368 503 2407 9,
528 2357 591 2404 28,
612 2357 622 2375 ‘
639 2355 662 2394 Ι
681 2355 903 2406 judicially
924 2355 1076 2405 charge
1095 2367 1178 2406 you
1197 2357 1242 2393 to
1262 2367 1336 2405 say
1355 2354 1546 2393 whether
1566 2384 1574 2393 .
1602 2385 1610 2393 .
1633 2352 1657 2392 .'

429 2420 573 2458 alicui
595 2420 780 2457 Caesari
802 2430 887 2456 suo
903 2421 1077 2462 parcat.
1150 2416 1291 2467 Comp.
1313 2416 1362 2454 de
1382 2421 1505 2467 spect.
1532 2415 1593 2464 16,
1615 2419 1625 2437 ‘
1644 2416 1726 2456 Sed
1745 2415 1852 2454 circo
1880 2415 1984 2466 quid

320 2480 517 2529 amarius,
538 2479 610 2518 ubi
630 2492 682 2518 ne
701 2479 958 2530 principibus
977 2478 1147 2529 quidem
1168 2481 1244 2516 aut
1262 2478 1423 2517 civibus
1445 2479 1529 2517 suis
1550 2482 1729 2529 parcunt
1747 2475 1780 2516 ’2
1811 2476 1978 2516 Sueton.

319 2543 436 2582 Nero
459 2552 534 2592 39;
565 2540 730 2592 Vespas.
760 2552 823 2592 19,
849 2552 911 2590 23.
972 2541 1049 2580 See
1067 2544 1168 2579 next
1187 2543 1297 2578 note.

380 2603 440 2644 16.
477 2606 631 2642 Testis
647 2607 718 2642 est
736 2605 934 2641 Tiberis
979 2602 1066 2641 The
1086 2602 1266 2640 allusion
1281 2602 1316 2640 is
1337 2606 1382 2640 to
1397 2601 1470 2640 the
1486 2601 1607 2653 dregs
1623 2601 1667 2640 of
1681 2601 1755 2640 the
1767 2600 1983 2652 populace,

321 2666 395 2704 the
414 2665 674 2704 inhabitants
704 2665 749 2703 of
772 2665 845 2703 the
873 2665 1003 2703 lower
1031 2665 1219 2716 portions
1244 2663 1290 2702 of
1314 2664 1388 2703 the
1416 2665 1503 2716 city
1521 2677 1624 2703 near
1651 2664 1725 2703 the
1753 2663 1880 2711 river,
1900 2661 1985 2701 and

321 2727 432 2765 their
451 2740 589 2766 coarse
609 2726 845 2766 witticisms
866 2739 977 2777 upon
997 2726 1071 2765 the
1094 2739 1300 2777 emperors
1317 2739 1325 2772 ;
1356 2739 1487 2777 comp.
1511 2726 1569 2763 ad
1580 2726 1682 2764 Nat.
1703 2726 1731 2764 i.
1753 2733 1813 2776 17,
1844 2727 1855 2745 ‘
1869 2722 1984 2762 vani-

322 2788 426 2826 tatis
452 2788 674 2839 sacrilegia
702 2787 959 2835 conveniam,
990 2791 1033 2826 et
1061 2787 1192 2838 ipsius
1221 2787 1471 2831 vernaculae
1499 2787 1637 2838 gentis
1666 2785 1985 2825 irreverentiam

323 2862 625 2900 recognoscam,
652 2854 695 2888 et
723 2850 895 2889 festivos
923 2849 1088 2888 libellos
1117 2863 1219 2900 quos
1249 2852 1414 2888 statuae
1447 2848 1597 2898 sciunt,
1634 2852 1677 2887 et
1709 2848 1785 2886 illa
1818 2847 1985 2897 obliqua

324 2925 627 2962 nonnunquam
657 2912 769 2951 dicta
790 2926 815 2950 a
843 2913 1016 2951 concilio
1047 2916 1174 2963 atque
1202 2911 1427 2950 maledicta
1456 2924 1563 2962 quae
1592 2910 1692 2949 circi
1722 2912 1882 2948 sonant.
1942 2907 1985 2946 Si

324 2986 410 3012 non
439 2973 564 3012 armis
595 2974 744 3012 saltem
772 2974 917 3025 lingua
947 2987 1108 3025 semper
1135 2973 1311 3012 rebelles
1341 2970 1469 3011 estis.'
1525 2972 1759 3023 Lampoons
1782 2983 1893 3021 upon
1912 2969 1985 3008 the

326 3048 532 3086 emperors
552 3048 660 3074 were
681 3035 924 3075 infractions
954 3036 1000 3075 of
1023 3036 1096 3075 the
1124 3036 1205 3075 law
1225 3035 1270 3074 of
1293 3037 1495 3087 majestas
1526 3048 1570 3073 as
1600 3033 1791 3073 enforced
1818 3033 1876 3082 by
1894 3031 1984 3069 Au-

325 3100 486 3147 gustus,
507 3096 590 3134 and
610 3095 801 3135 Tiberius
830 3097 952 3136 made
973 3110 1078 3136 even
1098 3097 1273 3135 abusive
1291 3097 1499 3147 language
1521 3094 1795 3134 treasonable.
1854 3093 1985 3131 Meri-

326 3158 422 3197 vale
442 3158 554 3196 Hist.
581 3157 700 3196 Rom.
722 3171 762 3197 v.
792 3169 863 3208 251
888 3158 932 3197 ff.
988 3158 1077 3197 The
1106 3158 1318 3197 dicacitas
1344 3157 1479 3209 plebis
1497 3169 1582 3195 was
1603 3155 1801 3194 offensive
1821 3157 1865 3192 to
1888 3153 1987 3192 Dio-

326 3222 483 3262 cletian
513 3222 727 3273 (Lactant.
757 3224 808 3262 cle
835 3226 956 3263 mort.
981 3236 1095 3275 pers.
1123 3223 1205 3275 17),
1235 3222 1397 3275 though
1422 3221 1602 3261 relished
1631 3221 1689 3272 by
1717 3218 1987 3259 Constantius
