2154 3564
265 175 363 213 CAP.
386 169 604 221 XXXIX.]
678 161 941 214 adversus
984 160 1176 213 Gentes
1201 170 1307 229 pro
1351 162 1699 216 Christianis.
1826 179 1922 230 119

266 302 561 351 conscientia
584 303 831 366 religionis
855 309 904 351 et
930 303 1214 366 disciplinae
1235 303 1496 351 divinitate
1521 309 1571 352 et
1597 306 1698 366 spei
1722 305 1925 353 foedere.

266 384 459 432 Coimus
499 384 552 432 in
593 391 784 433 coetum
822 393 870 434 et
911 385 1346 449 congregationem,
1381 390 1438 433 ut
1479 387 1539 433 ad
1582 387 1753 445 Deum,
1792 388 1929 450 quasi

264 483 409 514 manu
443 468 586 526 facta,
622 468 981 530 precationibus
1017 469 1298 516 ambiamus.
1369 468 1504 515 Haec
1539 468 1613 515 Vis
1649 467 1753 516 Deo
1789 474 1931 531 grata

264 553 348 595 est.
422 548 629 596 Oramus
655 549 802 597 etiam
825 567 913 613 pro
937 550 1327 613 imperatoribus,
1347 567 1434 611 pro
1459 549 1741 597 ministeriis
1767 555 1931 598 e'orum

263 647 317 678 ac
342 631 681 693 potestatibus,
704 649 791 695 pro
816 637 948 680 statu
972 632 1163 690 saeculi,
1185 650 1273 695 pro
1299 650 1463 679 rerum
1488 632 1664 695 quiete,
1689 648 1775 694 pro
1801 648 1932 678 mora
1949 643 1971 684 5

263 713 387 760 finis.
461 712 697 776 Cogimur
720 715 781 761 ad
804 714 1086 761 litterarum
1114 714 1394 761 divinarum
1419 713 1931 772 commemorationem,

265 794 307 841 si
331 794 448 857 quid
471 795 798 857 praesentium
822 802 1095 859 temporum
1119 796 1331 858 qualitas
1355 801 1441 843 aut
1465 812 1779 858 praemonere
1805 794 1935 856 cogit

265 881 351 923 aut
395 893 746 938 recognoscere.
818 876 963 925 Certe
1011 877 1158 925 fidem
1201 878 1382 925 sanctis
1430 878 1628 925 vocibus
1677 877 1932 939 pascimus,

267 975 398 1020 spem
433 958 680 1021 erigimus,
717 958 946 1006 fiduciam
980 959 1190 1021 figimus,
1230 959 1535 1022 disciplinam
1572 963 1936 1021 praeceptorum

265 1041 578 1088 nihilominus
618 1041 671 1088 in
708 1041 1174 1103 compulsationibus
1221 1042 1477 1089 densamus
1496 1059 1508 1100 3
1567 1042 1746 1088 ibidem
1788 1041 1936 1088 etiam
1959 1060 2004 1088 10

267 1122 677 1181 exhortationnes,
717 1123 1059 1186 castigationes
1108 1127 1157 1169 et
1204 1140 1405 1171 censura
1445 1123 1624 1170 divina.
1720 1123 1849 1171 Nam
1889 1127 1940 1170 et

262 1203 514 1265 judicatur
543 1221 716 1267 magno
754 1222 862 1251 cum
897 1205 1122 1266 pondere,
1150 1209 1208 1252 ut
1245 1206 1374 1268 apud
1411 1209 1567 1253 certos
1604 1205 1663 1252 de
1698 1204 1793 1252 Dei
1830 1221 1938 1252 con-

267 1292 447 1348 spectu,
474 1303 809 1349 summumque
846 1286 1003 1333 futuri
1033 1286 1210 1348 judicii
1246 1287 1598 1349 praejudicium
1633 1291 1724 1346 est,
1753 1286 1794 1334 si
1830 1285 1939 1347 quis

266 1367 337 1414 ita
361 1368 634 1431 deliquerit,
659 1373 716 1415 ut
748 1386 776 1415 a
802 1368 1233 1416 communicatione
1271 1368 1502 1416 orationis
1528 1373 1577 1416 et
1602 1373 1865 1416 conventus
1891 1372 1941 1414 et

269 1449 422 1496 omnis
448 1450 600 1497 sancti
617 1449 890 1497 commercii
916 1450 1171 1512 relegetur.
1242 1450 1527 1498 Praesident
1550 1449 1741 1513 probati
1761 1449 1939 1512 quique
1959 1466 2005 1506 15

377 1553 480 1597 ipsa
499 1555 687 1598 negotia
719 1553 1013 1591 Christianae
1043 1554 1279 1600 factionis,
1311 1552 1409 1591 ‘the
1437 1552 1525 1590 real
1555 1552 1660 1592 facts
1691 1551 1941 1603 concerning

268 1613 342 1652 the
362 1613 576 1652 Christian
595 1611 786 1664 society,’
811 1617 821 1634 ‘
838 1614 912 1653 the
932 1618 1026 1652 true
1045 1614 1235 1653 business
1257 1614 1302 1652 of
1319 1627 1395 1652 our
1417 1612 1531 1666 gild!

328 1686 362 1712 2.
393 1677 527 1720 quasi
545 1688 689 1714 manu
710 1677 848 1714 facta.
905 1676 947 1713 A
967 1675 1158 1726 military
1178 1675 1417 1726 expression
1436 1675 1543 1714 with
1557 1674 1692 1713 which
1709 1673 1943 1713 ambiamus

270 1736 354 1774 and
373 1736 489 1776 Haec
509 1738 573 1775 vis
593 1737 841 1787 correspond
857 1749 866 1784 ;
897 1741 906 1757 ⁶
922 1737 1008 1776 like
1028 1751 1052 1775 a
1071 1737 1329 1775 marshalled
1355 1737 1563 1788 regiment
1582 1750 1644 1775 we
1663 1737 1827 1787 besiege
1847 1735 1942 1773 God

271 1799 377 1837 with
414 1813 490 1837 our
526 1812 698 1851 prayers
715 1813 726 1847 3
765 1799 849 1837 and
878 1799 963 1838 this
995 1799 1184 1838 violence
1221 1799 1256 1838 is
1294 1799 1487 1850 pleasing
1524 1803 1568 1838 to
1606 1796 1738 1837 Him.'
1795 1798 1938 1848 Comp.

271 1859 312 1899 S.
334 1860 465 1900 Matt.
485 1862 541 1900 xi.
568 1872 629 1898 12.

326 1934 365 1970 4.
398 1924 595 1960 oramus
625 1951 634 1960 .
659 1952 668 1959 .
691 1951 699 1959 .
720 1933 806 1967 pro
827 1933 957 1960 mora
977 1923 1084 1959 finis
1104 1933 1113 1960 τ
1145 1933 1213 1960 see
1233 1924 1345 1969 note,
1367 1920 1431 1961 ch.
1454 1932 1519 1971 32.

327 1983 364 2022 8.
396 1985 529 2022 Certe
559 1985 715 2032 fidem,
737 1985 814 2021 etc.
875 1983 953 2020 ‘In
982 1995 1065 2032 any
1093 1995 1187 2020 case
1209 2011 1218 2021 .
1241 2013 1250 2021 .
1274 1979 1312 2030 .,’
1336 1983 1365 2021 i.
1384 1995 1415 2021 e.
1440 1980 1630 2021 whether
1649 1981 1723 2020 the
1741 1993 1940 2032 praesen—

274 2045 378 2082 tium
398 2046 628 2095 temporum
648 2044 842 2095 qualitas
863 2044 1064 2083 demands
1084 2043 1393 2082 consideration
1413 2057 1459 2082 or
1477 2047 1565 2082 not.

331 2116 391 2144 10.
425 2108 477 2143 in
497 2107 961 2151 compulsationibus.
1020 2104 1073 2143 So
1093 2104 1193 2143 Cod.
1215 2104 1337 2143 Fuld.
1362 2104 1421 2143 al.
1443 2103 1801 2143 inculcationibus.

332 2181 391 2219 13.
424 2172 574 2209 futuri
589 2173 759 2217 judicii
778 2172 1122 2217 praejudicium
1141 2173 1226 2208 est.
1285 2169 1325 2208 S.
1348 2169 1477 2208 Matt.
1493 2169 1611 2208 xviii.
1632 2170 1705 2216 183
1740 2180 1756 2206 1
1781 2169 1873 2207 Cor.
1899 2181 1938 2207 v.

276 2243 379 2283 3—53
413 2243 431 2269 1
455 2233 559 2272 Tim.
581 2233 607 2271 i.
632 2243 694 2270 20.
752 2232 893 2283 Comp.
916 2232 956 2271 S.
978 2232 1173 2270 Ambros.
1195 2232 1245 2270 de
1257 2232 1426 2282 paenit.
1448 2232 1476 2270 i.
1499 2245 1535 2271 2.

386 2297 427 2333 si
458 2298 564 2341 quis
599 2297 667 2334 ita
697 2297 965 2343 deliquerit,
999 2299 1070 2333 etc.
1128 2293 1228 2332 This
1259 2293 1470 2332 exclusion
1507 2292 1614 2331 from
1642 2292 1700 2330 all
1729 2291 1942 2330 Christian

275 2356 507 2407 fellowship
535 2357 570 2395 is
598 2356 673 2395 the
703 2356 801 2408 only
819 2356 927 2394 form
955 2355 1001 2394 of
1025 2355 1218 2394 Penance
1246 2355 1489 2393 mentioned
1517 2355 1574 2405 by
1592 2354 1840 2392 Tertullian.
1898 2353 1943 2391 It

275 2419 310 2457 is
331 2418 444 2468 fully
462 2417 678 2456 described
706 2417 758 2455 de
769 2430 893 2467 paen.
915 2429 954 2469 9,
974 2417 1107 2455 under
1135 2417 1190 2455 its
1220 2416 1359 2455 Greek
1388 2429 1509 2455 name
1539 2413 1840 2464 ἐξομολόγησις.
1898 2414 1942 2452 It

276 2479 542 2529 corresponds
556 2479 662 2518 with
673 2478 745 2528 τῆς
766 2477 980 2528 ἐκκλησίας
997 2475 1300 2521 ἀποβάλλεσθαι
1315 2477 1398 2516 and
1413 2474 1663 2515 παντάπασιν
1678 2473 1940 2514 ἑκκόπτεσθαι

277 2541 348 2590 τῆς
368 2541 582 2591 ἐκκλησίας
600 2541 645 2580 of
656 2542 730 2580 the
742 2543 894 2593 Apost.
915 2542 1078 2580 Canons
1094 2541 1180 2591 (28,
1195 2541 1281 2590 51).
1338 2540 1382 2578 A
1400 2541 1482 2579 less
1503 2552 1646 2578 severe
1665 2552 1837 2578 censure
1856 2552 1942 2577 was

279 2603 366 2642 also
386 2604 615 2654 employed,
637 2603 775 2642 which
799 2603 1006 2642 consisted
1033 2602 1078 2640 in
1108 2614 1329 2640 severance
1359 2600 1465 2639 from
1491 2600 1787 2651 participation
1805 2601 1851 2638 in
1870 2601 1943 2639 the

279 2664 397 2716 Holy
417 2664 641 2703 Eucharist
662 2662 934 2715 (ἀφορισμός).
976 2663 1059 2701 For
1078 2662 1195 2712 early
1209 2661 1401 2712 patristic
1419 2662 1650 2701 references
1670 2667 1714 2700 to
1734 2661 1942 2710 Penance,

280 2739 347 2764 see
376 2725 504 2763 Clem.
533 2725 654 2764 Rom.
683 2725 776 2764 Cor.
806 2725 833 2764 i.
857 2732 907 2775 57
923 2737 933 2771 ;
963 2723 1080 2762 Past.
1111 2723 1258 2761 Herm.
1290 2722 1374 2761 Vis.
1397 2723 1457 2762 iii.
1482 2733 1531 2773 53
1564 2722 1703 2762 simil.
1728 2731 1778 2774 73
1807 2736 1938 2773 comp.

280 2789 395 2827 Just.
417 2787 547 2825 Mart.
567 2785 700 2836 Apol.
724 2785 752 2825 i.
771 2797 850 2837 443
881 2784 964 2823 and
983 2785 1108 2831 Tertq
1130 2784 1278 2832 below,
1298 2783 1362 2823 ch.
1385 2796 1450 2834 44,
1470 2783 1521 2834 46
1538 2797 1548 2832 ;
1577 2785 1625 2823 de
1637 2784 1787 2836 pudic.
1810 2795 1848 2834 3,
1866 2785 1929 2823 18.

339 2858 402 2898 15.
430 2849 707 2885 Praesident
733 2848 923 2892 probati
954 2848 1127 2891 quique
1162 2847 1383 2884 seniores,
1440 2845 1541 2884 This
1572 2858 1743 2896 appears
1770 2849 1815 2884 to
1841 2846 1893 2884 be
1920 2858 1945 2883 a

281 2908 589 2948 non—technical
626 2907 918 2958 compendious
957 2906 1195 2957 expression
1234 2905 1452 2956 including
1489 2906 1593 2945 both
1635 2907 1813 2957 Bishops
1861 2906 1945 2945 and

282 2971 442 3009 Priests
459 2983 469 3017 ;
510 2982 642 3020 comp.
676 2969 726 3007 de
761 2981 898 3007 coron..
935 2979 973 3017 3,
1003 2967 1142 3005 where
1174 2966 1412 3004 Tertullian
1450 2967 1598 3018 speaks
1637 2967 1683 3006 of
1715 2967 1789 3006 the
1827 2968 1945 3017 Holy

281 3031 507 3070 Eucharist
525 3030 649 3081 being
668 3029 859 3068 received
873 3028 981 3066 from
1000 3027 1074 3066 the
1093 3026 1226 3065 hands
1247 3026 1293 3065 of
1307 3027 1380 3066 the
1401 3028 1412 3048 ⁶
1426 3028 1636 3078 praesides
1651 3026 1660 3043 ’
1682 3029 1804 3067 alone
1821 3041 1830 3075 ;
1860 3027 1944 3066 and

282 3093 342 3132 ad
360 3105 477 3131 mcor.
501 3099 536 3142 7,
558 3091 698 3129 where
725 3090 779 3129 he
808 3089 968 3128 alludes
989 3092 1032 3127 to
1051 3088 1125 3126 the
1145 3088 1364 3138 Apostolic
1382 3088 1619 3140 injunction
1643 3101 1660 3127 1
1685 3090 1790 3128 Tim.
1811 3089 1871 3127 iii.
1892 3101 1911 3126 2
1929 3100 1940 3134 ς

283 3156 367 3193 Tit.
385 3154 411 3194 i.
430 3152 466 3201 6,
483 3152 724 3203 forbidding
753 3150 971 3202 digamists
984 3149 1244 3201 praesidere.
1301 3149 1452 3201 Bingh.
1474 3151 1529 3190 iv.
1553 3161 1588 3200 3.
1611 3163 1647 3201 4.
1706 3150 1943 3190 Elsewhere
