2154 3564
190 190 289 227 CAP.
310 183 526 235 XLV111.]
601 175 861 228 adversus
906 174 1097 226 Gentes
1121 182 1228 241 pro
1271 173 1618 227 Christianis.
1747 187 1847 241 143

189 323 372 377 natum,
408 318 613 366 maceria
650 318 857 380 quadam
891 317 1061 379 igneae
1096 315 1229 364 illius
1264 333 1408 364 zonae
1444 333 1473 364 a
1509 316 1688 364 notitia
1723 315 1850 363 orbis

190 400 458 447 communis
519 406 835 463 segregatum,
885 399 1043 461 Elysii
1089 397 1244 461 campi
1289 398 1434 445 fidem
1481 404 1849 460 occupaverunt.

190 482 333 530 Unde
370 482 500 540 haec,
528 500 608 529 oro
643 499 741 540 vos,
772 481 1067 544 philosophis
1103 485 1189 530 aut
1224 481 1377 544 poetis
1412 484 1512 528 tam
1548 480 1853 527 consimilia?

190 581 286 611 non
321 563 417 611 nisi
454 564 512 611 de
548 565 729 611 nostris
766 563 1105 612 sacramentis:
1146 562 1271 611 side
1308 562 1490 610 nostris
1528 562 1850 621 sacramentis,

189 649 247 693 ut
267 646 325 693 de
349 647 607 709 prioribus,
627 663 739 709 ergo
763 646 979 693 fideliora
997 650 1113 694 sunt
1136 649 1314 702 nostra,
1334 645 1581 709 magisque
1602 644 1850 701 credenda,
1870 664 1892 704 5

192 746 400 791 quorum
436 728 671 790 imagines
708 746 895 792 quoque
933 728 1076 775 fidem
1111 727 1399 788 inveniunt,
1443 727 1484 775 si
1521 728 1578 774 de
1615 726 1716 774 suis
1752 743 1853 774 sen·

192 811 339 870 sibus,
386 813 486 873 jam
533 829 646 874 ergo
695 815 996 859 sacramenta
1042 815 1207 859 nostra
1253 810 1488 872 imagines
1534 810 1856 872 posteriorum

191 894 514 950 habebuntur,
542 893 670 955 quod
694 910 859 939 rerum
881 893 1036 940 forma
1060 909 1158 939 non
1183 892 1418 951 sustinet3
1456 908 1704 954 nunquam
1728 890 1856 939 enim

192 993 365 1038 corpus
389 977 560 1023 umbra
585 980 672 1023 aut
695 975 950 1023 veritatem
973 975 1131 1037 imago
1156 974 1416 1038 praecedit.

776 1191 998 1240 CAPUT
1033 1191 1275 1241 XLVIII.
1878 1226 1927 1253 10

263 1315 378 1362 AGE
409 1317 525 1376 jam,
554 1314 595 1362 si
629 1314 738 1377 quis
773 1314 1091 1379 philosophus
1123 1316 1340 1374 affirmet,
1365 1318 1423 1364 ut
1447 1315 1516 1363 ait
1541 1315 1775 1363 Laberius
1801 1314 1859 1361 de

195 1397 438 1445 sententia
475 1397 792 1458 Pythagorae,
828 1397 1070 1445 hominem
1105 1397 1213 1445 fieri
1249 1414 1310 1445 ex
1344 1397 1486 1456 mulo,
1521 1398 1765 1445 colubram
1801 1413 1861 1443 ex

195 1479 412 1537 muliere,
460 1485 508 1525 et
567 1478 620 1524 in
668 1495 773 1525 eam
820 1478 1098 1541 opinionem
1145 1479 1305 1526 omnia
1352 1483 1636 1541 argumenta
1683 1478 1861 1541 eloquii

195 1561 381 1609 virtute
406 1560 679 1619 detorserit,
705 1577 862 1607 nonne
888 1577 1174 1608 consensum
1206 1560 1420 1608 movebit
1445 1566 1493 1608 et
1521 1561 1665 1608 fidem
1689 1560 1862 1623 infiget

198 1642 349 1690 etiam
384 1643 444 1690 ab
483 1642 777 1689 animalibus
819 1642 1134 1690 abstinendi?
1184 1648 1533 1706 proptereaque
1573 1659 1857 1706 persuasum
1880 1670 1928 1710 15

199 1725 310 1788 quis
349 1725 436 1772 hoc
475 1725 665 1782 habeat,
706 1742 766 1771 ne
808 1725 933 1771 forte
973 1724 1208 1771 bubulam
1251 1725 1308 1772 de
1351 1724 1512 1787 aliquo
1553 1741 1733 1788 proavo
1774 1742 1861 1772 suo

199 1808 409 1854 obsonet.
504 1807 573 1853 At
619 1806 748 1853 enim
801 1805 1125 1865 Christianus,
1176 1806 1218 1854 si
1267 1807 1325 1854 de
1373 1806 1566 1854 homine
1617 1807 1863 1854 hominem

198 1888 457 1951 ipsumque
504 1889 562 1935 de
606 1888 723 1936 Caio
768 1887 942 1934 Caium
989 1888 1215 1936 reducem
1256 1889 1579 1951 repromittat,
1619 1888 1864 1951 lapidibus

200 1970 371 2033 magis,
397 1987 483 2017 nec
517 1971 685 2018 saltem
717 1970 958 2017 caestibus
990 1987 1019 2017 a
1046 1971 1225 2033 populo
1250 1971 1506 2033 exigetur'l
1578 1971 1730 2031 Quasi
1752 1988 1863 2029 non,

201 2069 532 2116 quaecumque
579 2052 704 2099 ratio
750 2056 944 2115 praeest
989 2052 1258 2100 animarum
1299 2054 1623 2101 humanarum
1661 2053 1713 2100 in
1760 2071 1860 2101 cor·
1881 2077 1933 2104 20

259 2195 294 2221 2.
326 2187 691 2230 occupaverunt,
717 2186 727 2204 ‘
742 2182 851 2222 have
870 2183 1159 2234 anticipated.'

256 2257 294 2295 4.
326 2248 383 2284 de
406 2249 579 2283 nostris
609 2248 926 2295 sacramentis,
963 2246 1093 2284 ‘from
1123 2258 1200 2284 our
1227 2243 1475 2298 mysteries,’
1506 2259 1551 2284 or
1582 2243 1838 2284 ‘doctrines'
1853 2258 1863 2293 ;

200 2319 269 2345 see
288 2310 400 2354 note,
422 2307 484 2345 ch.
509 2315 544 2357 7.

258 2368 296 2407 8.
325 2381 568 2414 nunquam
597 2399 606 2408 .
629 2400 638 2408 .
664 2399 672 2407 .
697 2371 950 2408 veritatem
968 2371 1124 2414 imago
1148 2369 1399 2415 praecedit.
1458 2369 1510 2408 So
1531 2369 1654 2421 again
1673 2369 1718 2408 of
1736 2368 1862 2407 Cath-

204 2429 284 2468 olic
315 2430 436 2468 truth
469 2431 553 2468 and
586 2431 747 2482 heresy,
778 2431 826 2469 de
853 2444 1041 2481 praescr.
1071 2430 1186 2470 haer.
1220 2442 1284 2481 29,
1323 2435 1332 2450 ‘
1347 2429 1419 2468 sed
1452 2431 1563 2468 enim
1595 2430 1640 2467 in
1673 2430 1863 2468 omnibus

205 2491 364 2528 veritas
385 2491 611 2542 imaginem
631 2492 867 2539 antecedit;
896 2496 990 2543 post
1018 2505 1108 2530 rem
1137 2492 1369 2531 similitudo
1398 2490 1633 2539 succedit’3
1662 2504 1791 2542 comp.
1813 2491 1864 2530 de

205 2563 321 2591 earn.
344 2552 445 2591 Chr.
471 2564 490 2589 2
509 2566 518 2599 3
548 2554 642 2591 adv.
664 2553 806 2592 Effare.
826 2554 854 2591 i.
879 2564 914 2598 Ι,
937 2565 999 2599 20,
1022 2556 1125 2601 et0.;
1156 2554 1250 2594 adv.
1271 2554 1410 2592 Praoe.
1433 2565 1468 2591 2.

264 2624 325 2651 11.
356 2616 600 2652 Laberius.
657 2615 700 2652 A
720 2615 956 2653 celebrated
975 2614 1086 2654 farce
1106 2616 1262 2660 writer,
1277 2615 1371 2654 who
1391 2614 1488 2653 died
1507 2624 1546 2654 B.
1563 2625 1598 2653 c.
1615 2625 1682 2664 43.
1740 2614 1810 2652 He
1828 2614 1864 2652 is

203 2675 445 2713 mentioned
469 2675 572 2713 Hor.
597 2675 692 2714 Sat.
718 2676 747 2713 i.
772 2687 834 2715 10.
856 2675 906 2723 63
935 2677 1020 2716 and
1042 2678 1198 2728 quoted
1223 2677 1412 2716 Macrob.
1440 2676 1485 2714 ii.
1517 2683 1538 2727 7
1557 2690 1568 2725 3
1596 2689 1726 2727 comp.
1749 2675 1864 2715 Suet.

206 2737 300 2777 Jul.
328 2737 444 2776 Caes.
468 2748 531 2787 39.

266 2800 325 2837 18.
358 2800 470 2836 Gaio
493 2800 669 2837 Gaium.
727 2798 804 2837 See
825 2802 938 2847 note,
959 2798 1023 2838 ch.
1047 2810 1084 2848 3.

266 2872 327 2913 19.
360 2863 505 2906 Quasi
526 2874 623 2900 non
643 2890 652 2899 .
676 2893 686 2902 .
709 2891 719 2900 .
740 2866 879 2900 erunt
899 2865 1104 2901 aliunde.
1152 2861 1206 2900 8ο
1222 2861 1322 2902 Ood.
1337 2862 1461 2901 Fuld.
1511 2862 1600 2901 The
1619 2876 1728 2901 varr.
1748 2862 1864 2901 lectt.

206 2923 253 2961 in
267 2923 353 2962 this
372 2936 545 2974 passage
568 2936 679 2961 seem
699 2924 799 2974 only
814 2924 1044 2974 explicable
1066 2937 1119 2962 on
1139 2924 1212 2962 the
1228 2924 1489 2975 supposition
1509 2925 1554 2963 of
1569 2939 1593 2964 a
1614 2925 1769 2964 second
1781 2925 1866 2963 edi-

206 2986 298 3024 tion
318 2985 362 3023 of
377 2985 449 3024 the
479 2986 698 3037 Apology3
729 2998 797 3023 see
816 2989 929 3033 note,
952 2985 1014 3024 011.
1034 2996 1082 3036 19
1089 2987 1221 3036 frag.
1277 2985 1347 3024 Al.
1369 2991 1379 3006 ‘
1395 2985 1439 3024 Si
1462 3000 1734 3038 quaecunque
1757 2986 1867 3025 ratio

207 3051 373 3098 praeest
393 3048 628 3086 animarum
649 3048 929 3086 humanarum
946 3047 1338 3098 reciprocandarum
1357 3048 1402 3086 in
1421 3062 1604 3100 corpora,
1625 3063 1699 3088 cur
1718 3062 1802 3087 non
1821 3049 1866 3086 in

207 3110 384 3148 eandem
405 3110 684 3148 substantiam
704 3110 895 3157 redeant,
916 3122 1011 3148 cum
1031 3109 1107 3148 hoc
1130 3110 1185 3148 sit
1203 3110 1373 3149 restitui
1393 3111 1439 3149 id
1459 3124 1560 3161 esse,
1575 3112 1686 3163 quod
1700 3110 1866 3149 fuerat?

207 3172 238 3211 J
241 3185 310 3210 am
329 3185 413 3210 non
432 3172 546 3223 ipsae
567 3176 677 3218 sunt,
698 3186 804 3224 quae
832 3172 1015 3222 fuerant,
1035 3172 1136 3223 quia
1163 3185 1248 3212 non
1275 3176 1504 3224 potuerunt
1533 3187 1632 3225 esse,
1653 3173 1764 3225 quod
1782 3185 1867 3211 non
