2154 3564
228 181 517 233 CARXVHI]
553 174 811 225 adversus
856 173 1046 225 Gentes
1070 182 1174 239 pro
1219 173 1561 226 Christianis.
1819 176 1884 243 63

226 333 323 364 non
347 321 615 364 nascuntur
644 315 927 364 Christiani.
984 315 1116 375 Quos
1141 314 1352 363 diximus
1377 317 1750 379 praedicatores,
1775 334 1887 380 pro-

226 399 400 462 phetae
431 399 490 445 de
515 398 667 446 officio
702 398 953 461 praefandi
977 402 1228 447 vocantur.
1303 398 1452 446 Voces
1490 415 1651 446 eorum
1676 399 1888 461 itemque

225 480 448 538 virtutes,
497 497 615 543 quas
661 481 724 527 ad
768 480 915 528 fidem
961 478 1233 527 divinitatis
1281 480 1500 537 edebant,
1547 479 1600 527 in
1649 481 1889 529 thesauris

223 563 499 610 litterarum
540 567 749 621 manent,
791 579 878 610 nec
923 563 1044 609 istae
1098 579 1226 608 nuno
1266 562 1432 610 latent.
1503 563 1888 612 Ptolemaeorum

225 644 595 703 eruditissimus,
622 661 764 707 quem
801 644 1171 707 Philadelphum
1206 645 1623 708 supernominant,
1649 649 1699 693 et
1734 645 1888 691 omnis
1907 662 1928 701 5

225 727 533 775 litteraturae
576 727 926 789 sagacissimus,
966 743 1076 773 cum
1116 726 1278 774 studio
1319 727 1723 775 bibliothecarum
1767 727 1888 774 Pisi-

225 813 448 868 stratum,
498 808 684 871 opinor,
731 808 1072 865 aemularetur,
1120 807 1254 855 inter
1313 814 1473 856 cetera
1531 809 1888 865 memoriarum,

227 891 402 954 quibus
427 896 512 939 aut
527 895 742 939 vetustas
761 895 849 937 aut
874 889 1127 937 curiositas
1152 890 1317 953 aliqua
1340 891 1403 939 ad
1420 891 1597 939 famam
1620 890 1890 954 patrocina-

225 975 384 1033 batur,
413 990 474 1021 ex
510 977 742 1035 suggestu
783 972 1021 1020 Demetrii
1058 973 1276 1020 Phalerei
1313 974 1739 1036 grammaticorum
1772 978 1889 1020 tunc

224 1055 566 1119 probatissimi,
592 1055 668 1102 oui
704 1055 1055 1117 praefecturam
1090 1054 1418 1115 mandaverat,
1445 1056 1596 1102 libros
1633 1073 1660 1102 a
1684 1045 1890 1103 'Judaeis
1911 1076 1960 1102 10

226 1156 418 1201 quoque
441 1137 721 1201 postulavit,
732 1137 951 1201 proprias
983 1135 1214 1204 [scilicet]
1233 1144 1378 1201 atque
1393 1139 1673 1187 vernaculas
1688 1139 1894 1197 litteras,

225 1239 344 1284 quas
370 1221 460 1269 soli
494 1220 749 1268 habebant.
821 1221 899 1266 Ex
926 1219 1046 1283 ipsis
1073 1220 1201 1268 enim
1225 1224 1276 1267 et
1312 1220 1373 1267 ad
1401 1220 1529 1283 ipsos
1565 1238 1753 1284 semper
1779 1238 1890 1284 pro-

223 1303 398 1366 phetae
433 1307 791 1366 peroraverant,
817 1302 1004 1350 scilicet
1038 1303 1100 1350 ad
1125 1302 1436 1350 domesticam
1470 1303 1565 1350 Dei
1601 1307 1797 1366 gentem
1832 1320 1892 1351 ex

224 1390 423 1448 patrum
458 1385 631 1448 gratia.
703 1385 918 1432 Hebraei
953 1390 1098 1443 retro,
1126 1385 1211 1447 qui
1247 1402 1377 1432 nunc
1402 1385 1433 1431 J
1438 1385 1582 1433 udaei
1601 1403 1613 1444 3
1649 1385 1805 1449 igitur
1841 1390 1890 1432 et

223 1468 417 1515 litterae
442 1468 710 1526 Hebraeae,
736 1472 785 1514 et
821 1467 1079 1529 eloquium.
1152 1466 1248 1516 Sed
1271 1484 1332 1513 ne
1363 1466 1539 1514 notitia
1563 1471 1772 1527 vacaret,
1801 1467 1889 1514 hoc
1910 1481 1958 1534 15

224 1567 415 1613 quoque
451 1550 722 1597 Ptolemaeo
747 1567 776 1597 a
799 1550 830 1596 J
834 1548 999 1597 udaeis
1036 1548 1362 1611 subscriptum
1388 1553 1476 1608 est,
1503 1549 1816 1611 septuaginta
1841 1554 1891 1597 et

224 1688 390 1737 fuimus,
423 1689 545 1736 caeci,
578 1689 665 1727 sine
694 1687 865 1726 Domini
893 1685 1080 1734 lumine,'
1102 1690 1206 1735 θύας
1238 1687 1288 1725 de
1308 1690 1437 1738 spect.
1463 1699 1536 1738 193
1568 1688 1627 1726 ad
1646 1687 1750 1726 Nat.
1773 1689 1798 1726 i.
1825 1700 1886 1728 10.

224 1750 439 1802 Similarly
459 1750 658 1789 Octavius
678 1749 724 1787 in
743 1750 818 1787 the
839 1749 1032 1800 dialogue
1053 1749 1097 1787 of
1123 1749 1340 1788 Minucius
1369 1749 1491 1788 Felix
1520 1749 1674 1789 admits
1702 1750 1768 1788 his
1797 1764 1890 1788 own

223 1812 378 1851 former
396 1812 629 1863 prejudices
650 1811 816 1862 against
835 1811 1115 1863 Christianity
1136 1811 1216 1861 (ch.
1242 1811 1326 1862 29).

333 1878 454 1913 fiunt
483 1887 579 1913 11011
611 1879 890 1912 nascuntur:
934 1887 1064 1924 comp.
1099 1874 1150 1912 de
1177 1876 1268 1912 test.
1303 1874 1430 1911 anim.
1461 1884 1500 1922 1,
1534 1873 1655 1912 ‘Non
1685 1886 1743 1921 es,
1779 1874 1889 1925 quod

223 1937 365 1986 sciam,
386 1936 625 1975 Christiana
642 1949 652 1983 ;
680 1935 770 1973 fieri
790 1936 917 1983 enim,
938 1949 1022 1973 non
1042 1935 1157 1973 nasci
1187 1935 1291 1973 solet
1321 1933 1583 1974 Christiana’
1599 1949 1609 1983 3
1641 1935 1679 1975 S.
1703 1936 1883 1986 August.

226 2001 273 2037 de
288 2011 399 2049 pecc.
421 2011 520 2037 mer.
543 1999 601 2038 iii.
624 2011 664 2049 9,
687 2002 697 2020 ⁶
712 1998 971 2036 Christianos
990 2010 1076 2036 non
1095 1998 1199 2036 facit
1226 1997 1444 2049 generatio
1472 1997 1546 2036 sed
1573 1996 1856 2049 regeneratio’
1878 2011 1887 2045 3

226 2060 265 2100 S.
287 2061 382 2112 Cyr.
403 2062 495 2099 Jer.
523 2060 689 2101 Cateck.
711 2062 739 2100 i.
764 2071 797 2098 2.

280 2133 316 2171 3.
346 2122 833 2170 virtutes=mira0ula,
856 2119 1052 2169 δυνάμεις.

281 2191 315 2235 7.
350 2185 475 2222 inter
522 2189 678 2223 cetera
724 2187 1054 2223 memoriarum
1073 2196 1081 2222 :
1125 2185 1135 2203 ‘
1151 2186 1343 2233 amongst
1391 2183 1511 2222 other
1547 2183 1714 2221 records
1751 2182 1888 2220 which

223 2244 335 2284 their
365 2245 578 2297 antiquity
613 2259 658 2284 or
691 2246 950 2285 curiousness
978 2244 1183 2284 rendered
1214 2243 1404 2284 famous?
1460 2244 1538 2282 See
1566 2248 1665 2283 note
1695 2257 1748 2282 on
1777 2246 1887 2282 ouri-

224 2308 368 2352 ositas,
388 2307 451 2346 ch.
479 2318 540 2358 25.

205 2398 207 2400 -
280 2382 317 2421 9.
351 2383 408 2409 ex
437 2374 673 2419 suggestu,
695 2373 707 2391 ζ
719 2374 764 2409 at
783 2369 857 2408 the
875 2369 1125 2421 instigation
1145 2368 1190 2408 of
1202 2366 1212 2384 ’
1232 2382 1242 2417 ;
1272 2382 1298 2407 a
1316 2381 1419 2419 very
1437 2381 1531 2406 rare
1552 2367 1636 2406 and
1655 2368 1741 2406 late
1763 2367 1888 2418 signi-

224 2431 393 2470 fication
423 2432 467 2470 of
490 2432 564 2470 the
592 2432 732 2476 word3
763 2445 807 2470 so
836 2431 910 2470 the
938 2432 1053 2479 verb,
1080 2431 1143 2471 ch.
1168 2441 1233 2481 25,
1265 2432 1340 2469 ‘ut
1365 2427 1698 2481 suggessimus’;
1727 2429 1790 2467 ch.
1821 2437 1883 2479 27,

229 2494 364 2532 ‘unde
394 2494 498 2532 talia
530 2491 831 2544 suggerantur'
846 2508 857 2542 3
887 2494 972 2532 and
1004 2493 1066 2533 ch.
1092 2504 1157 2543 33,
1192 2493 1453 2544 ‘suggeritur
1480 2491 1592 2530 enim
1621 2491 1658 2529 ei
1686 2504 1711 2529 a
1738 2494 1886 2542 tergo,'

225 2557 236 2575 ‘
251 2555 321 2592 He
341 2554 375 2593 is
395 2554 669 2593 admonished
687 2555 794 2593 from
814 2554 993 2593 behind?
1051 2554 1289 2593 Elsewhere
1320 2556 1533 2603 szcyyestus
1551 2553 1671 2590 bears
1691 2552 1747 2592 its
1767 2553 1888 2591 usual

225 2616 422 2666 meaning
459 2616 504 2654 of
538 2629 593 2654 an
627 2618 638 2636 ‘
653 2616 887 2655 elevation’
926 2630 972 2655 or
1001 2617 1013 2636 ‘
1031 2616 1293 2655 ornamental
1328 2613 1620 2661 decoration’3
1665 2627 1710 2653 as
1742 2615 1887 2661 above,

225 2677 287 2715 ch.
311 2676 389 2723 16;
420 2677 514 2716 adv.
539 2677 683 2717 Herm.
711 2676 784 2725 16;
814 2678 892 2716 but
911 2677 956 2715 in
976 2678 1028 2715 de
1046 2681 1167 2728 spect.
1192 2684 1229 2728 7,
1255 2688 1315 2725 12,
1336 2676 1680 2727 it=apparatas.

284 2750 345 2777 10.
374 2741 728 2787 praefecturam,
752 2739 849 2777 ‘the
870 2740 1244 2790 superintendence
1261 2738 1270 2754 ⁷
1301 2738 1347 2776 of
1363 2738 1436 2777 the
1455 2739 1688 2777 collection.

284 2811 344 2840 11.
376 2803 650 2840 vernaculas
671 2804 854 2840 litteras
873 2814 882 2840 ι
911 2803 940 2840 i.
959 2814 989 2840 e.
1018 2802 1064 2839 in
1082 2801 1155 2840 the
1175 2800 1362 2840 Classical
1381 2800 1578 2846 Hebrew,
1595 2804 1669 2839 not
1689 2800 1763 2840 the
1781 2801 1891 2839 later

225 2862 436 2900 Aramaic.

284 2934 345 2974 15.
380 2925 473 2962 Sed
501 2935 560 2962 ne
588 2925 763 2962 notitia
789 2927 990 2972 vacaret,
1018 2925 1088 2962 ‘to
1107 2923 1242 2975 guard
1261 2923 1427 2975 against
1452 2921 1888 2975 misapprehension'3

225 2999 292 3024 see
311 2989 423 3033 note,
445 2984 508 3024 ch.
533 2995 567 3022 Ι.

285 3046 347 3087 16.
379 3048 693 3092 subscriptum
713 3050 799 3094 est,
823 3049 933 3085 ‘was
955 3046 1131 3085 allowed
1148 3045 1158 3061 ’
1175 3060 1186 3095 ς
1217 3060 1283 3085 see
1303 3050 1414 3095 note,
1438 3047 1502 3086 ch.
1524 3045 1562 3085 6.

336 3111 634 3154 septuaginta
665 3112 710 3146 et
742 3111 936 3147 duobus.
1008 3107 1097 3146 The
1132 3112 1249 3159 story
1279 3107 1323 3146 of
1350 3108 1422 3146 the
1451 3111 1628 3159 seventy
1661 3107 1810 3154 elders,
1844 3106 1890 3144 in

227 3174 415 3221 separate
434 3170 548 3219 cells,
568 3169 753 3221 inspired
771 3173 816 3209 to
835 3183 861 3208 a
880 3169 1027 3209 verbal
1047 3173 1288 3222 agreement
1311 3171 1356 3209 in
1376 3171 1638 3218 translation,
1660 3169 1822 3208 related
1833 3170 1891 3220 by
