2154 3564
194 197 293 235 CAP.
316 190 528 242 XLVIII]
579 183 838 235 adversus
882 183 1072 236 Gentes
1095 194 1200 252 pro
1246 185 1587 240 Christiam's.
1751 202 1848 255 147

193 325 304 373 exin
330 326 697 388 dependendum
731 327 784 373 in
818 327 1099 375 immensam
1134 328 1438 376 aeternitatis
1461 331 1849 392 perpetuitatem.

192 400 404 462 Ideoque
440 418 527 448 nec
564 419 692 449 mors
721 403 835 465 jam,
863 419 949 450 nec
972 420 1139 450 rursus
1165 420 1218 450 ac
1250 420 1417 450 rursus
1441 407 1742 465 resurrectio,
1769 408 1850 454 sed

192 482 372 529 erimus
406 481 555 529 iidem
587 483 673 545 qui
708 501 851 542 nunc,
878 501 964 539 nec
999 484 1086 532 alii
1122 489 1258 547 post:
1299 485 1392 531 Dei
1417 486 1613 547 quidem
1646 489 1852 536 cultores

190 563 318 625 apud
343 564 501 610 Deum
536 581 736 627 semper,
762 566 1072 628 superinduti
1108 567 1378 616 substantia
1412 568 1609 630 propria
1645 571 1849 617 aeterni-

189 645 334 705 tatis;
376 646 569 708 profani
604 664 719 695 vero
756 653 803 694 et
840 649 923 710 qui
959 666 1056 696 non
1090 648 1274 711 integri
1309 649 1371 696 ad
1406 650 1576 710 Deum,
1614 651 1665 697 in
1701 669 1889 713 poena5

189 744 338 790 aeque
380 728 511 790 jugis
558 728 699 791 ignis,
747 729 969 778 habentis
1013 747 1072 778 ex
1112 731 1219 793 ipsa
1260 736 1434 779 natura
1476 732 1592 794 erS,
1637 733 1851 781 divinam

190 808 371 857 scilicet
408 810 904 868 subministrationem
938 813 1437 875 incorruptibilitatis,
1511 815 1768 863 Noverunt
1803 821 1853 863 et

188 890 463 954 philosophi
501 892 831 944 diversitatem
871 894 1033 941 arcani
1068 898 1117 942 et
1157 895 1344 957 publici
1382 895 1524 958 ignis.
1597 897 1677 944 Ita
1714 898 1853 960 longe

188 973 314 1027 alius
340 977 413 1020 est
436 973 521 1036 qui
545 974 655 1021 usui
678 975 899 1033 humano,
928 975 1050 1023 alius
1076 976 1161 1039 qui
1186 977 1367 1038 judicio
1394 977 1485 1025 Dei
1511 983 1726 1040 apparet,
1754 979 1852 1026 sive

190 1053 248 1100 de
274 1055 402 1101 caelo
426 1055 628 1102 fulmina
653 1057 911 1118 stringenS,
930 1057 1030 1105 sive
1050 1058 1109 1105 de
1128 1062 1259 1106 terra
1283 1076 1368 1121 per
1386 1059 1591 1107 vertices
1615 1061 1853 1113 montium
1873 1085 1920 1112 10

190 1140 439 1196 eructans,·
475 1154 569 1183 non
604 1138 734 1188 enim
768 1139 980 1201 absumit
1017 1140 1143 1202 quod
1179 1140 1356 1198 exurit,
1391 1142 1486 1200 sed,
1518 1144 1633 1189 dum
1671 1147 1859 1206 erogat,

188 1223 398 1279 reparat.
438 1219 573 1266 Adeo
611 1226 811 1269 manent
849 1228 1036 1278 montes
1079 1239 1264 1285 semper
1302 1224 1542 1281 ardentes,
1583 1230 1630 1272 et
1670 1225 1755 1288 qui
1792 1226 1850 1272 de

189 1301 319 1347 caelo
343 1302 574 1364 tangitur,
604 1304 764 1351 salvus
790 1309 877 1364 est,
902 1309 959 1352 ut
983 1306 1115 1353 nullo
1137 1308 1238 1367 jam
1262 1306 1366 1368 igni
1390 1307 1724 1356 decinerescat.
1786 1309 1852 1356 Et

187 1382 276 1430 hoc
302 1383 395 1430 erit
411 1384 740 1432 testimonium
764 1386 891 1449 ignis
910 1388 1107 1446 aeterni,
1125 1388 1214 1434 hoc
1240 1389 1513 1450 exemplum
1530 1389 1660 1452 jugis
1680 1390 1851 1452 judicii

187 1480 388 1527 poenam
403 1466 681 1515 nutrientis.
737 1468 927 1517 Montes
945 1474 1157 1518 uruntur
1173 1474 1221 1517 et
1241 1470 1420 1518 durant
1440 1492 1450 1518 ι
1490 1472 1608 1533 quid
1626 1476 1850 1521 nocentes

188 1551 238 1595 et
264 1547 359 1596 Dei
381 1547 573 1596 hostes‘l

247 1718 282 1744 2.
312 1718 397 1747 nee
427 1720 551 1747 mors
581 1709 688 1756 jam,
722 1721 807 1749 nee
836 1722 1027 1750 rursus:
1060 1711 1252 1750 ‘neither
1283 1711 1411 1751 death
1441 1712 1646 1762 absolute,
1680 1727 1758 1753 nor
1787 1729 1850 1754 1-0-

189 1768 358 1818 curring
377 1768 705 1809 resurrections?

242 1840 281 1879 4.
312 1833 613 1876 superinduti
651 1835 917 1872 substantia
954 1838 1144 1880 propria
1183 1838 1506 1875 aeternitatis:
1552 1847 1571 1873 2
1604 1836 1695 1875 Cor.
1732 1850 1770 1874 v.
1805 1850 1844 1887 4.

188 1891 276 1930 The
295 1892 418 1931 subst.
446 1906 563 1944 prop.
587 1897 668 1934 aet.
695 1894 731 1933 is
760 1895 856 1934 that
890 1895 936 1934 of
963 1897 1037 1935 the
1068 1898 1244 1949 Angels,
1275 1898 1497 1950 according
1525 1902 1569 1937 to
1596 1899 1845 1939 Tertullian.

188 1953 265 1992 See
285 1954 333 1993 de
353 1955 450 1995 cult.
463 1957 571 2007 fem.
593 1956 621 1995 i.
645 1968 681 2005 2,
708 1957 848 1996 ‘Nam
868 1961 910 1997 et
938 1959 1056 1998 vobis
1085 1961 1232 1999 eadem
1258 1965 1360 2000 tunc
1391 1962 1630 2001 substantia
1659 1963 1848 2014 angelica

186 2017 461 2066 repromissa?
482 2024 553 2057 ete.
572 2031 582 2066 3
613 2019 672 2058 ad
690 2032 811 2058 uxor.
834 2019 860 2058 i.
886 2031 921 2069 1,
954 2022 964 2040 ‘
981 2023 1200 2061 translatis
1229 2023 1274 2061 in
1301 2024 1534 2074 angelicam
1555 2023 1846 2075 qualitatem'3

188 2079 283 2119 adv.
305 2079 441 2119 Marc.
457 2092 494 2130 3,
510 2085 520 2100 ⁶
533 2080 725 2119 brabium
743 2083 955 2133 angelicae
969 2083 1247 2124 substantiae'
1258 2099 1267 2133 ;
1287 2087 1428 2124 dares.
1445 2099 1559 2125 earn.
1585 2086 1650 2136 36,
1669 2092 1679 2108 ⁶
1694 2087 1845 2125 transi-

186 2141 274 2178 turi
293 2140 339 2178 in
358 2144 516 2180 statum
537 2143 785 2193 angelicum,
804 2157 878 2193 per
897 2144 1191 2184 indumentum
1209 2146 1316 2185 illud
1335 2147 1755 2198 incorruptibilitatis,
1774 2162 1848 2199 per

188 2203 463 2252 substantiae,
483 2205 756 2244 resuscitatae
773 2210 928 2254 tamen,
951 2207 1310 2248 demutationem.’
1368 2210 1440 2261 Op.
1463 2210 1503 2249 S.
1525 2210 1644 2248 Luke
1663 2224 1730 2249 xx.
1753 2210 1819 2259 36.

242 2263 279 2303 6.
310 2268 551 2305 habentis:
583 2280 628 2305 so
647 2267 720 2306 the
741 2267 863 2306 MSS.
922 2268 1017 2321 Rig.
1046 2270 1258 2321 preferred
1286 2271 1496 2320 habentes,
1528 2272 1724 2324 agreeing
1742 2273 1846 2311 with

185 2326 388 2377 profani3
419 2329 503 2367 and
521 2329 672 2367 divina
691 2328 756 2367 for
774 2330 977 2371 divinam.

243 2400 279 2439 9.
314 2394 518 2434 apparet.
577 2389 655 2429 See
674 2394 789 2439 note,
807 2392 871 2430 ch.
895 2403 957 2440 13.

248 2460 308 2486 11.
340 2453 452 2488 dum
472 2456 657 2497 erogat:
691 2454 702 2472 ‘
720 2466 825 2491 even
844 2453 988 2493 whilst
1007 2454 1043 2493 it
1064 2454 1253 2506 destroys
1269 2453 1300 2492 ἐ
1333 2468 1400 2494 see
1420 2459 1530 2503 note,
1553 2455 1616 2494 ch.
1638 2468 1704 2507 44.

249 2521 310 2549 12.
340 2514 422 2556 qui
443 2514 499 2550 de
520 2515 649 2551 eaelo
670 2515 892 2563 tangitur,
914 2518 993 2553 ete.
1049 2515 1184 2554 There
1206 2530 1276 2555 are
1296 2516 1416 2555 three
1442 2517 1786 2567 interpretations
1807 2516 1852 2554 of

193 2572 304 2612 this:
340 2583 374 2612 1.
405 2573 515 2612 That
548 2588 572 2612 a
604 2575 715 2625 body
745 2575 883 2614 which
914 2577 988 2616 has
1017 2578 1124 2617 been
1158 2578 1303 2617 struck
1332 2580 1390 2631 by
1421 2579 1635 2630 lightning
1663 2580 1698 2618 is
1729 2578 1852 2630 proof

189 2634 354 2684 against
373 2633 447 2673 fire
479 2636 626 2686 (comp.
648 2636 759 2675 Plin.
779 2637 835 2674 xi.
859 2645 924 2688 37,
945 2639 1039 2677 who
1067 2640 1276 2678 mentions
1304 2640 1378 2678 the
1407 2640 1577 2678 ancient
1596 2640 1726 2679 belief
1749 2640 1846 2679 that

188 2695 263 2733 the
281 2694 404 2734 heart
433 2695 478 2733 of
503 2709 667 2747 anyone
686 2697 779 2735 who
807 2697 891 2736 had
921 2699 1017 2738 died
1044 2700 1149 2739 from
1179 2701 1322 2752 poison
1350 2701 1473 2740 could
1501 2705 1576 2740 not
1602 2701 1654 2739 be
1682 2702 1842 2752 bui-nt).

192 2767 226 2795 2.
258 2756 368 2795 That
398 2756 516 2795 there
552 2758 587 2795 is
622 2771 646 2796 a
684 2758 896 2798 reference
926 2764 971 2799 to
1001 2761 1075 2799 the
1104 2762 1342 2812 regulation
1376 2762 1421 2800 of
1448 2763 1592 2801 Numa
1623 2762 1681 2813 by
1709 2763 1845 2802 which

189 2831 243 2856 no
277 2830 355 2856 one
386 2819 529 2856 struck
564 2818 620 2870 by
650 2819 863 2871 lightning
883 2834 967 2860 was
995 2823 1223 2872 permitted
1251 2826 1295 2861 to
1323 2824 1375 2861 be
1404 2823 1627 2872 cremated,
1655 2824 1734 2862 but
1761 2837 1845 2862 was

187 2878 336 2918 buried
366 2892 419 2917 on
443 2879 516 2917 the
536 2883 628 2931 spot
651 2879 875 2932 (bidental,
897 2895 965 2920 see
984 2883 1098 2921 Pers.
1119 2882 1211 2923 Sat.
1233 2884 1275 2923 ii.
1304 2892 1365 2934 27,
1383 2884 1486 2923 Hor.
1502 2886 1592 2923 Ars
1603 2889 1710 2936 poet.
1728 2884 1843 2936 471),

191 2940 276 2978 and
295 2940 391 2979 that
410 2941 646 2979 Tei-tullian
664 2943 869 2993 regarded
888 2943 972 2982 this
994 2948 1154 2983 custom
1175 2958 1219 2983 as
1235 2959 1259 2984 a
1272 2947 1430 2997 typical
1443 2947 1634 2998 analogy.
1675 2959 1711 2997 3.
1733 2947 1844 2986 That

187 3002 425 3041 Tertullian
445 3003 597 3054 simply
614 3016 758 3042 means
787 3004 883 3043 that
906 3005 1034 3044 death
1058 3007 1115 3058 by
1133 3007 1351 3058 lightning
1370 3009 1511 3047 leaves
1538 3009 1612 3048 the
1636 3009 1745 3059 body
1767 3022 1843 3047 un-

188 3063 355 3114 injured
383 3063 467 3102 and
495 3064 627 3103 whole
660 3064 720 3116 (so
750 3066 861 3106 Min.
891 3066 980 3107 Fel.
1015 3078 1082 3118 35,
1113 3069 1123 3088 ‘
1143 3069 1249 3108 sicut
1277 3069 1393 3121 ignes
1423 3069 1649 3108 fulminum
1676 3083 1844 3122 corpora

189 3128 388 3176 tangunt,
407 3138 483 3164 nec
503 3125 730 3165 absumunt
744 3124 788 3177 ').
