2154 3564
289 233 312 267 1
324 216 354 267 8
730 215 1061 268 Tertulliani
1093 213 1464 282 Apologetz'cus
1743 221 1862 274 [CAP.
1884 225 1955 265 IV.

286 357 520 407 exclusit2
559 357 655 408 Sed
673 363 721 407 et
735 358 978 421 judicatos
1002 363 1130 406 retro
1154 357 1208 405 in
1231 362 1395 421 partes
1415 357 1569 406 secari
1587 376 1616 407 a
1637 356 1959 407 creditoribus

286 442 416 505 leges
441 447 610 501 erant;
648 458 884 489 consensu
907 445 1071 488 tamen
1095 439 1289 503 publico
1322 440 1583 489 crudelitas
1616 445 1787 504 postea
1819 456 1958 489 erasa

288 528 362 573 est
398 529 449 572 et
483 523 537 571 in
572 523 776 587 pudoris
813 527 978 572 notam
1014 522 1191 587 capitis
1227 539 1383 586 poena
1420 539 1650 572 conversa
1668 542 1680 584 3
1718 524 1960 571 bonorum

287 606 509 656 adhibita
537 605 891 669 proscriptione
921 605 1198 653 suffundere
1222 604 1397 652 maluit
1420 605 1628 654 hominis
1654 605 1956 669 sanguinem,

249 714 271 753 5
290 706 434 753 quam
457 688 717 736 effundere.
773 688 907 749 Quot
931 688 1088 736 adhuc
1114 687 1251 736 vobis
1275 688 1611 750 repurgandae
1634 688 1764 751 leges
1788 689 1959 747 latent,

289 788 409 835 quas
450 787 607 834 neque
648 787 886 818 annorum
927 787 1169 830 numerus,
1208 786 1364 833 neque
1402 769 1708 818 conditorum
1744 770 1960 833 dignitas

289 853 602 914 commendat,
640 854 725 902 sed
760 841 982 916 aequitas
1018 853 1150 900 sola‘.l
1188 856 1237 900 et
1272 851 1381 899 ideo
1418 869 1529 899 cum
1562 851 1761 914 iniquae
1795 868 1958 914 recog-

290 940 574 995 noscuntur,
599 936 770 984 merito
795 936 1107 994 damnantur,
1134 935 1249 982 licet
1273 934 1520 982 damnent.
1593 934 1843 995 Quomodo
1865 934 1962 981 ini-

290 1035 409 1082 quas
452 1018 693 1066 dicimus?
734 1018 847 1077 imo,
893 1018 936 1066 si
974 1034 1149 1066 nomen
1185 1017 1416 1080 puniunt,
1454 1016 1606 1065 etiam
1649 1018 1838 1066 stultas.
1909 1016 1964 1066 Si

226 1124 275 1152 10
289 1118 403 1149 vero
428 1101 570 1161 facta,
597 1118 686 1149 cur
713 1101 768 1149 in
798 1101 939 1149 nobis
970 1101 1028 1148 de
1059 1100 1160 1149 solo
1185 1099 1379 1147 nomine
1414 1100 1631 1163 puniunt
1662 1100 1804 1159 facta,
1840 1117 1963 1163 quae

290 1185 345 1231 in
368 1183 478 1232 aliis
503 1184 561 1232 de
586 1184 810 1243 admisso,
836 1200 934 1232 non
958 1183 1018 1231 de
1042 1182 1235 1230 nomine
1264 1183 1470 1245 probata
1506 1182 1805 1231 defendunt‘l
1877 1182 1965 1230 In-

292 1270 452 1313 cestus
488 1282 610 1327 sum,
639 1283 727 1314 cur
759 1282 855 1313 non
887 1264 1184 1329 requiruntCl
1222 1264 1524 1324 infanticida,
1552 1282 1640 1313 cur
1672 1281 1771 1313 non
1804 1269 1962 1314 extor-

293 1349 477 1412 quent2
519 1348 572 1395 in
619 1347 749 1407 deos,
797 1348 850 1396 in
900 1348 1132 1396 Caesares
1180 1347 1371 1410 aliquid
1417 1348 1685 1408 committo,
1735 1365 1822 1414 cur
1867 1365 1966 1396 non

292 1430 478 1489 audior,
505 1430 590 1493 qui
613 1430 767 1479 habeo
793 1447 889 1495 quo
913 1447 1096 1493 purger
1115 1431 1132 1477 2
1197 1430 1348 1480 Nulla
1370 1430 1450 1478 lex
1473 1434 1608 1478 vetat
1631 1430 1811 1478 discuti
1835 1430 1967 1495 quod

228 1534 275 1574 15
292 1512 520 1576 prohibet
558 1512 789 1573 admitti,
833 1512 951 1576 quia
987 1529 1145 1576 neque
1186 1512 1340 1576 judex
1382 1514 1516 1574 juste
1561 1512 1832 1571 ulciscitur,
1872 1512 1969 1561 nisi

293 1599 550 1658 cognoscat
575 1594 840 1643 admissum
867 1611 969 1643 esse
991 1594 1120 1658 quod
1140 1611 1235 1642 non
1253 1594 1399 1655 licet3
1438 1611 1596 1658 neque
1615 1595 1734 1644 civis
1757 1595 1970 1644 fideliter

293 1677 391 1741 legi
426 1677 725 1740 obsequitur,
759 1676 1004 1740 ignorans,
1030 1677 1171 1740 quale
1206 1676 1283 1735 sit,
1316 1677 1447 1742 quod
1474 1677 1742 1731 ulciscitur.
1814 1678 1865 1726 N
1867 1678 1970 1727 ulla

294 1761 375 1807 lex
400 1759 492 1808 sibi
518 1759 607 1807 soli
633 1759 979 1819 ‚conscientiam
1006 1759 1231 1823 justitiae
1262 1777 1374 1808 suae
1406 1760 1563 1818 debet,
1589 1762 1673 1809 sed
1702 1760 1784 1819 eis,
1809 1778 1839 1809 a
1863 1760 1969 1823 qui-

295 1843 387 1890 bus
422 1842 706 1905 obsequium
741 1846 1007 1906 exspectat.
1081 1842 1316 1890 Ceterum
1350 1848 1574 1907 suspecta
1608 1844 1690 1891 lex
1723 1847 1810 1902 est,
1849 1859 1970 1906 quae

231 1945 281 1972 20
296 1924 494 1988 probari
523 1941 573 1973 se
602 1941 697 1972 non
730 1925 854 1983 vult,
888 1924 1108 1988 improba
1144 1929 1322 1984 autem,
1364 1925 1406 1974 si
1441 1943 1541 1974 non
1576 1927 1783 1990 probata
1819 1926 1971 1974 domi-

297 2010 455 2054 netur.

298 2158 436 2211 praise
465 2158 528 2197 for
557 2158 735 2198 Severus
770 2159 828 2198 ad
861 2158 990 2211 Scap.
1026 2171 1066 2210 4,
1098 2172 1144 2198 as
1183 2159 1530 2199 Christianorum
1562 2173 1732 2200 memor.
1802 2161 1868 2201 On
1900 2160 1974 2200 the

298 2221 490 2259 firmness
519 2220 603 2259 and
630 2221 813 2273 severity
833 2221 878 2260 of
906 2219 1095 2260 Severus’
1117 2221 1333 2261 character
1352 2235 1421 2261 see
1448 2222 1615 2261 Gibbon
1636 2223 1663 2261 i.
1689 2234 1708 2261 2
1716 2222 1780 2274 58.
1836 2222 1974 2261 Aure-

298 2282 381 2321 lius
401 2281 551 2321 Victor
577 2282 629 2321 de
663 2282 779 2322 Caes.
811 2294 862 2322 20
878 2295 888 2332 ;
926 2283 1114 2335 Epitom.
1146 2294 1209 2331 20,
1240 2283 1377 2322 ‘Acer
1405 2284 1587 2335 ingenio,
1616 2284 1671 2323 ad
1699 2284 1840 2323 omnia.
1867 2297 1976 2335 quae

300 2344 566 2392 intendisset,
588 2344 635 2382 in
661 2344 788 2383 finem
816 2342 1114 2396 perseverans.’
1173 2344 1353 2384 Severus
1378 2345 1572 2384 received
1598 2346 1672 2385 the
1697 2360 1820 2385 name
1846 2345 1892 2385 of
1909 2345 1977 2384 his

299 2406 566 2457 predecessor
584 2406 801 2455 Pertinax,
821 2407 951 2446 hence
971 2407 1044 2446 the
1064 2406 1213 2459 saying
1234 2407 1463 2459 (Spartian.
1483 2407 1622 2447 sever.
1646 2408 1733 2459 14),
1749 2410 1760 2429 ‘
1775 2409 1883 2448 Ecce
1901 2408 1978 2446 im-

301 2472 470 2519 perator
488 2482 587 2507 vere
606 2470 788 2508 nominis
810 2469 888 2519 sui,
910 2483 1009 2509 vere
1030 2470 1232 2509 Pertinax
1252 2483 1349 2509 vere
1369 2468 1575 2510 Severus.'

362 2540 398 2569 1.
427 2532 641 2570 exclusit.
698 2531 787 2570 The
812 2531 977 2583 Papian
1002 2532 1087 2571 law
1106 2545 1192 2571 was
1218 2532 1388 2571 relaxed
1414 2532 1471 2584 by
1491 2531 1668 2571 Severus
1695 2532 1742 2571 in
1768 2531 1917 2571 favour
1937 2530 1982 2569 of

302 2591 376 2630 the
395 2591 546 2631 Julian
565 2596 819 2633 enactment.

413 2655 465 2691 in
492 2658 649 2699 partes
679 2657 840 2694 secari.
912 2653 1002 2693 The
1030 2655 1134 2693 laws
1165 2654 1210 2694 of
1234 2654 1307 2694 the
1335 2654 1432 2693 XII
1456 2654 1622 2703 Tables,
1643 2655 1681 2695 8.
1741 2653 1843 2695 Aul.
1866 2653 1978 2694 Gell.

307 2714 433 2753 Noot.
456 2718 539 2754 Act.
559 2729 628 2754 xx.
653 2727 670 2754 1
690 2728 699 2762 ;
729 2715 875 2763 Quint.
900 2716 1010 2756 Inst.
1033 2719 1143 2755 orat.
1166 2716 1224 2755 iii.
1245 2715 1284 2757 6.
1310 2717 1375 2768 84.
1433 2716 1533 2756 This
1561 2717 1765 2756 inhuman
1792 2717 1875 2755 law
1894 2727 1980 2756 was

305 2776 499 2826 repealed
518 2786 645 2818 A.U.c.
668 2775 763 2826 630.
952 2782 954 2784 ’

366 2848 428 2887 14.
458 2850 551 2884 quo
571 2852 756 2886 purger.
815 2839 892 2879 see
912 2844 1024 2885 note,
1045 2839 1109 2879 ch.
1134 2852 1170 2879 2.

419 2901 617 2939 discuti:
658 2903 669 2922 ‘
684 2905 728 2940 to
747 2902 798 2941 be
828 2899 1161 2953 investigated’3
1200 2914 1225 2940 a
1252 2900 1486 2952 post-class.
1507 2901 1591 2940 and
1619 2901 1809 2953 patristic
1837 2912 1911 2939 use
1939 2898 1985 2937 of

307 2960 382 2999 the
402 2960 516 2998 verb.

368 3027 429 3071 17.
461 3023 606 3060 Nulla
623 3024 701 3060 lex
722 3024 815 3061 sibi
837 3025 927 3063 soli
949 3053 957 3062 .
980 3052 989 3061 .
1013 3053 1021 3062 .
1042 3026 1294 3069 exspectat.
1353 3023 1421 3062 ‘A
1440 3023 1523 3063 law
1543 3023 1578 3062 is
1598 3022 1739 3063 bound
1765 3025 1810 3061 to
1835 3019 1981 3073 satisfy

313 3086 388 3121 not
409 3082 530 3121 itself
545 3083 676 3131 alone,
700 3097 745 3122 as
765 3089 809 3123 to
829 3086 886 3124 its
912 3085 1104 3125 intrinsic
1122 3085 1287 3137 justice,
1310 3084 1387 3125 but
1412 3085 1500 3125 also
1525 3084 1645 3125 those
1663 3084 1770 3123 from
1788 3082 1927 3123 whom
1945 3081 1982 3121 it

311 3144 428 3183 looks
448 3144 511 3184 for
530 3144 781 3185 obedience.'
