2154 3564
280 165 349 215 66
736 161 1070 214 Tertulliani
1101 161 1472 230 Apologetz'cus
1691 168 1809 221 [CAP.
1826 173 1940 212 XIX.

280 339 424 380 casse,
462 320 737 369 ostenditur
773 320 955 367 bellum
992 320 1215 367 OOOXX
1250 325 1298 367 et
1335 319 1520 366 duobus
1562 319 1699 367 annis
1736 319 1943 367 Iliacum

279 403 483 451 exitium
531 401 855 450 antecessisse.
949 402 1043 448 Per
1089 401 1218 449 hunc
1266 400 1467 462 Moysen
1515 401 1663 448 etiam
1721 400 1807 448 illa
1865 400 1946 447 lex

280 485 477 550 propria
518 483 719 532 Judaeis
757 501 786 530 a
827 484 932 531 Deo
970 484 1117 531 missa
1141 487 1227 531 est.
1300 482 1539 545 Deinceps
1579 482 1735 530 multa
1769 487 1819 530 et
1861 481 1946 529 alii

282 568 544 632 prophetae
579 565 871 615 vetustiores
907 565 1086 614 litteris
1122 565 1310 614 vestris.
1398 566 1528 612 Nam
1563 570 1612 612 et
1647 565 1733 628 qui
1772 564 1947 612 ultimo

244 660 266 702 5
285 650 469 708 cecinit,
519 654 605 697 aut
656 649 958 711 aliquantulo
1005 648 1351 711 praecucurrit,
1395 651 1482 694 aut
1529 653 1657 695 certe
1704 647 1948 694 concurrit

283 737 440 781 aetate
492 730 755 794 sapientiae
802 731 1095 786 auctoribus,
1140 731 1288 778 etiam
1335 729 1571 777 latoribus
1621 729 1758 792 legis.
1830 728 1949 792 Cyri

282 814 412 862 enim
444 818 494 861 et
518 812 658 860 Darii
687 829 836 874 regno
872 813 968 860 fuit
1003 813 1272 870 Zacharias,
1299 829 1394 875 quo
1430 812 1483 858 in
1511 816 1729 874 tempore
1755 811 1945 871 Thales,

281 896 590 960 physicorum
614 894 852 959 princeps,
873 894 1138 943 sciscitanti
1166 895 1341 943 Croeso
1367 894 1491 941 nihil
1516 900 1701 942 certum
1725 894 1784 940 de
1809 893 1950 940 Divi-

280 979 438 1027 nitate
491 977 755 1042 respondit,
797 978 1025 1025 turbatus
1085 977 1270 1026 scilicet
1329 977 1528 1025 vocibus
1587 974 1950 1040 prophetarum,

218 1086 268 1113 10
284 1061 432 1111 Solon
465 1060 621 1108 eidem
649 1059 756 1123 regi
787 1059 932 1108 finem
967 1060 1138 1122 longae
1163 1060 1294 1107 Vitae
1327 1060 1619 1106 intuendum
1655 1057 1954 1122 praedicavit

282 1161 382 1192 non
417 1144 575 1202 aliter,
615 1160 759 1206 quam
795 1142 1061 1205 prophetae
1080 1161 1091 1202 3
1131 1143 1249 1189 adeo
1284 1142 1461 1205 respici
1496 1146 1668 1205 potest,
1707 1147 1809 1189 tam
1839 1143 1954 1202 jura

281 1230 445 1276 vestra
469 1243 613 1289 quam
638 1224 800 1273 studia
824 1225 882 1272 de
914 1225 1019 1287 lege
1046 1225 1201 1287 deque
1227 1224 1393 1271 divina
1419 1224 1640 1272 doctrina
1666 1223 1952 1286 concepisse.

284 1309 426 1368 Quod
460 1308 596 1371 prius
633 1311 720 1365 est,
745 1307 836 1354 hoc
872 1307 937 1355 sit
974 1324 1137 1355 semen
1173 1323 1364 1354 necesse
1401 1311 1487 1354 est.
1560 1306 1680 1353 Inde
1718 1306 1954 1368 quaedam

284 1391 534 1438 nobiscum
560 1390 637 1438 vel
661 1406 812 1452 prope
838 1406 924 1437 nos
944 1389 1147 1437 habetis.
1220 1389 1295 1436 De
1321 1389 1489 1451 sophia
1514 1406 1647 1435 amor
1670 1390 1771 1450 ejus
1797 1387 1953 1450 philo-

218 1491 266 1532 15
286 1473 455 1537 sophia
494 1471 735 1520 vocitatus
774 1475 860 1529 est,
900 1472 959 1519 de
1000 1471 1257 1534 prophetia
1293 1471 1533 1518 affectatio
1576 1471 1678 1533 ejus
1715 1470 1954 1533 poeticam

283 1555 680 1604 vaticinationem
713 1554 983 1616 deputavit.
1055 1553 1248 1601 Gloriae
1284 1553 1516 1612 homines,
1545 1553 1585 1601 si
1611 1553 1730 1616 quid
1758 1553 1954 1600 invene-

284 1642 409 1698 rant,
435 1643 493 1685 ut
525 1636 777 1701 proprium
812 1637 1040 1694 facerent,
1066 1636 1495 1694 adulteraverunt3
1534 1635 1682 1682 etiam
1716 1635 1956 1682 fructibus

285 1741 313 1770 a
352 1720 531 1770 semine
571 1720 862 1782 degenerare
902 1718 1124 1781 contigit.
1196 1718 1369 1766 Multis
1416 1718 1571 1766 adhuc
1613 1719 1672 1766 de
1709 1721 1956 1766 vetustate

347 1892 379 1918 1.
409 1882 610 1919 bellum:
637 1879 707 1918 zze.
728 1878 802 1918 the
831 1878 1017 1930 struggle
1045 1878 1236 1917 between
1263 1878 1420 1917 Saturn
1448 1878 1533 1917 and
1553 1879 1583 1918 J
1588 1878 1750 1929 upiter3
1780 1877 1958 1929 perhaps

289 1943 425 1982 either
444 1942 559 1982 istud
577 1942 652 1980 has
673 1941 859 1992 dropped
879 1945 953 1980 out
973 1941 1019 1980 of
1034 1940 1108 1979 the
1127 1944 1230 1988 text,
1256 1954 1302 1980 or
1320 1940 1447 1979 illum
1466 1940 1617 1980 should
1635 1942 1688 1980 be
1705 1941 1819 1981 read.

399 2006 600 2043 Iliacum
620 2005 831 2042 exitium.
889 2003 982 2042 MS.
1003 2004 1169 2042 exitum.

348 2078 384 2116 3.
416 2067 649 2110 Deinceps
683 2067 834 2103 multa
867 2069 915 2103 et
950 2066 1047 2104 alii.
1108 2064 1170 2103 Sc.
1195 2064 1512 2115 praedixerunt
1523 2081 1539 2110 ;
1576 2076 1688 2103 some
1716 2063 1832 2103 word
1860 2076 1959 2115 may

290 2129 399 2168 have
419 2126 604 2178 dropped
624 2129 710 2175 out,
734 2139 779 2164 or
798 2125 925 2164 multi
944 2125 1080 2177 might
1100 2126 1152 2165 be
1171 2126 1283 2165 read.

348 2198 384 2241 7.
417 2191 601 2237 Thales,
618 2190 917 2234 physicorum
940 2188 1171 2233 princepe.
1229 2187 1308 2226 See
1327 2190 1458 2235 notes,
1480 2185 1542 2224 ch.
1563 2184 1629 2236 46.

350 2263 413 2290 11.
443 2252 712 2296 prophetae.
770 2249 886 2288 Plur.
907 2249 973 2287 for
997 2249 1132 2300 sing.;
1161 2248 1234 2287 the
1261 2248 1472 2287 reference
1500 2248 1535 2286 is
1564 2251 1608 2286 to
1637 2247 1780 2286 David
1807 2247 1854 2285 in
1887 2246 1958 2286 Ps.

291 2313 464 2352 xxxviii.
486 2323 523 2363 5.

403 2377 519 2414 adeo
539 2375 713 2419 respici
739 2376 911 2418 potest.
972 2371 1084 2410 ‘Yet
1103 2372 1138 2410 it
1157 2371 1193 2410 is
1213 2371 1396 2422 possible
1416 2370 1480 2409 for
1500 2384 1547 2409 us
1567 2374 1612 2409 to
1631 2370 1729 2409 look
1747 2370 1855 2409 back
1875 2370 1959 2409 and

293 2451 361 2478 see
381 2438 477 2477 that
497 2437 627 2483 Solonv
644 2467 653 2476 .
678 2466 686 2474 .
707 2434 735 2475 .'

354 2512 414 2550 13.
446 2503 567 2539 Inde
588 2501 828 2547 quaedam,
852 2500 927 2536 ete.
989 2499 1000 2518 ‘
1013 2498 1160 2537 Hence
1186 2497 1222 2535 it
1248 2496 1283 2535 is
1303 2496 1399 2536 that
1422 2509 1505 2548 you
1524 2495 1625 2534 hold
1644 2496 1803 2535 certain
1821 2499 1961 2535 tenete

295 2563 339 2601 in
357 2574 547 2601 common
566 2560 671 2599 with
691 2573 751 2607 us,
777 2574 823 2598 01·
842 2559 999 2611 closely
1018 2558 1271 2609 resembling
1292 2556 1412 2596 ours.'

355 2633 415 2673 15.
445 2619 983 2671 prophetia=⁷rpoq>qreia.
1041 2621 1129 2659 The
1156 2619 1273 2659 word
1302 2619 1402 2670 only
1431 2632 1571 2658 occurs
1601 2618 1645 2657 in
1674 2618 1788 2657 Eccl.
1808 2618 1962 2665 Latin;

296 2698 363 2724 see
384 2685 433 2723 de
455 2685 581 2722 anim.
605 2694 653 2734 35
673 2696 682 2731 ;
716 2694 733 2721 1
759 2684 866 2722 Tim.
887 2684 915 2722 i.
941 2683 987 2721 18
1011 2682 1197 2733 (vulg).

354 2745 414 2786 16.
449 2747 637 2784 Gloriae
650 2747 866 2783 homines
879 2764 911 2776 =
923 2745 1107 2783 homines
1118 2743 1286 2794 yloriae
1300 2742 1531 2789 libidinosi,
1549 2742 1612 2781 ch.
1630 2749 1681 2793 47
1698 2755 1708 2789 ;
1732 2755 1795 2793 cp.
1813 2740 1878 2780 ch.
1894 2739 1961 2791 46,

298 2810 309 2828 ‘
326 2808 498 2846 Mimice
518 2807 755 2858 philosophi
785 2807 986 2846 affectant
1013 2807 1251 2850 veritatem,
1272 2809 1315 2844 et
1344 2804 1582 2844 affectando
1610 2805 1893 2854 corrumpunt,
1914 2806 1963 2841 ut

296 2870 368 2920 qui
388 2868 564 2918 gloriam
583 2866 782 2919 captant.’

355 2929 417 2967 18.
463 2931 678 2974 contigit.
755 2928 975 2979 Contingit
1013 2940 1145 2967 seems
1179 2926 1423 2978 preferable,
1458 2927 1520 2964 ‘it
1556 2925 1742 2976 happens
1788 2924 1875 2963 also
1916 2926 1962 2961 to

296 2990 422 3029 fruits
444 3020 453 3029 .
477 3021 485 3029 .
511 2988 532 3028 .’
592 2990 839 3041 Continqere
859 2989 1055 3029 occurred
1074 2989 1121 3027 in
1140 2988 1226 3027 this
1247 3000 1365 3027 sense
1384 2988 1448 3027 ch.
1471 2999 1544 3035 10;
1574 3000 1641 3026 see
1661 2986 1749 3025 also
1769 2984 1832 3024 ch.
1854 2994 1919 3034 45.

408 3053 576 3089 Multis
606 3053 757 3089 adhuc
778 3079 787 3088 .
813 3082 821 3089 .
845 3079 854 3088 .
878 3053 1196 3090 consisterem.
1271 3051 1281 3069 ‘
1297 3049 1320 3087 I
1340 3049 1477 3100 might
1500 3048 1545 3086 in
1572 3060 1699 3098 many
1728 3058 1843 3097 ways
1862 3044 1961 3084 take

298 3127 353 3164 up
374 3126 398 3151 a
418 3113 597 3164 position
619 3113 664 3150 in
684 3111 852 3151 defence
876 3113 963 3162 (see
983 3115 1096 3159 note,
1118 3111 1181 3150 ch.
1206 3109 1251 3163 4)
1274 3110 1319 3149 of
1334 3110 1408 3149 the
1429 3110 1645 3160 antiquity
1665 3107 1710 3146 of
1726 3107 1798 3146 the
1819 3105 1962 3145 sacred

297 3171 516 3226 writings.’
571 3173 649 3213 See
669 3173 732 3213 ch.
757 3184 820 3222 20,
842 3172 982 3212 where
1002 3172 1089 3212 this
1110 3174 1334 3223 argument
1355 3171 1389 3210 is
1411 3169 1612 3222 repeated
1631 3168 1716 3212 and
1735 3166 1961 3219 amplified.
