2154 3564
210 194 308 233 CAP.
333 187 525 238 XXXV.]
600 178 858 230 adversus
901 175 1093 228 Gentes
1119 183 1223 242 pro
1267 173 1612 227 Christianis.
1760 187 1860 239 109

209 323 365 370 colere
388 321 466 370 vel
495 321 699 377 credere,
724 324 870 382 atque
906 318 978 366 ita
1012 321 1062 365 et
1097 316 1224 364 hunc
1260 316 1419 362 Deum
1454 315 1624 372 dicere,
1650 313 1728 360 cui
1760 314 1863 360 Deo

208 421 329 467 opus
363 407 450 451 est.
524 401 578 450 Si
607 419 702 449 non
734 402 792 449 de
821 399 1068 447 mendacio
1105 397 1342 446 erubescit
1370 395 1584 444 adulatio
1616 395 1862 457 ejusmodi,

208 485 449 533 hominem
473 485 630 532 Deum
654 483 913 546 appellans,
941 482 1111 528 timeat
1136 480 1302 527 saltem
1326 479 1384 526 de
1408 478 1632 526 infausto.
1713 477 1865 525 Male-

210 568 393 615 dictum
418 572 491 614 est
515 570 626 614 ante
651 565 933 629 apotheosin
957 564 1116 611 Deum
1142 562 1394 609 Caesarem
1418 577 1707 624 nuncupare.

810 709 1031 759 CAPUT
1068 707 1272 756 XXXV.
1885 720 1906 759 5

278 818 589 865 PROPTEREA
620 815 775 878 igitur
803 812 987 877 publici
1018 812 1179 859 hostes
1212 809 1493 868 Christiani,
1521 810 1634 873 quia
1665 809 1870 873 impera-

209 900 398 948 toribus
445 916 599 961 neque
645 914 795 945 vanos
843 912 999 958 neque
1046 891 1335 940 mentientes
1390 909 1546 955 neque
1591 892 1870 941 temerarios

210 983 416 1029 honores
442 982 619 1039 dicant,
640 979 752 1042 quia
771 975 1186 1038 verae'religionis
1210 975 1426 1022 homines
1453 975 1600 1022 etiam
1623 975 1872 1022 sollemnia

211 1081 390 1122 eorum,
418 1062 710 1111 conscientia
741 1060 904 1123 potius
937 1075 1083 1122 quam
1116 1057 1315 1106 lascivia
1351 1057 1606 1104 celebrant.
1677 1056 1873 1104 Grande

211 1145 440 1193 videlicet
465 1144 688 1201 officium,
713 1143 841 1190 focos
864 1147 912 1189 et
935 1145 1067 1188 toros
1092 1141 1145 1186 in
1167 1139 1419 1203 publicum
1442 1139 1655 1197 educere,
1674 1139 1872 1186 vicatim
1891 1164 1941 1193 10

213 1228 413 1291 epulari,
452 1226 702 1274 civitatem
737 1225 967 1272 tabernae
1002 1222 1177 1270 habitu
1217 1221 1523 1280 abolefacere,
1563 1221 1676 1269 vino
1712 1222 1873 1268 lutum

213 1325 399 1370 cogere,
422 1308 707 1356 catervatim
740 1306 978 1355 cursitare
1014 1305 1077 1352 ad
1100 1304 1321 1366 injurias,
1349 1304 1411 1350 ad
1446 1303 1787 1365 impudentias,
1813 1304 1876 1351 ad

212 1392 430 1438 libidinis
470 1390 732 1437 illecebras.
805 1387 992 1436 Siccine
1025 1385 1320 1448 exprimitur
1357 1385 1609 1447 publicum
1644 1386 1874 1447 gaudium

214 1490 301 1537 per
324 1472 531 1520 dedecus
563 1470 850 1534 publicum?
921 1468 1162 1516 Haeccine
1189 1468 1439 1514 sollemnes
1465 1466 1565 1514 dies
1600 1467 1876 1530 principum

215 1556 399 1612 decent,
426 1570 547 1617 quae
571 1553 689 1599 alios
714 1551 815 1599 dies
840 1568 937 1598 non
973 1550 1143 1597 decent
1163 1551 1179 1595 2
1251 1548 1347 1608 Qui
1372 1549 1629 1596 observant
1662 1549 1876 1612 discipli-
1896 1572 1942 1611 15

216 1654 329 1684 nam
366 1637 424 1683 de
461 1634 683 1683 Caesaris
718 1638 953 1696 respectu,
987 1632 1039 1679 hi
1075 1650 1179 1680 eam
1215 1636 1416 1695 propter
1453 1632 1708 1680 Caesarem
1745 1632 1876 1679 dese-

217 1724 339 1778 rent,
366 1723 414 1766 et
437 1717 674 1765 malorum
697 1733 888 1763 morum
919 1715 1116 1762 licentia
1139 1714 1294 1777 pietas
1323 1713 1431 1773 erit,
1453 1714 1644 1762 occasio
1659 1713 1878 1761 luxuriae

274 1848 315 1886 3.
342 1837 650 1874 Maledictum
678 1837 749 1873 est
778 1838 885 1873 ante
915 1834 1207 1879 apotheosin.
1267 1832 1410 1883 Comp.
1441 1832 1572 1871 Tacit.
1594 1831 1702 1870 Anu.
1723 1846 1791 1870 xv.
1815 1839 1878 1882 74,

218 1897 358 1938 where
375 1897 450 1935 the
471 1895 730 1947 assumption
760 1895 804 1934 of
829 1895 971 1933 divine
999 1894 1180 1933 honours
1208 1894 1267 1945 by
1285 1894 1401 1933 Nero
1422 1894 1467 1931 in
1495 1894 1560 1932 his
1589 1894 1766 1933 lifetime
1793 1906 1880 1933 was

219 1958 422 2011 regarded
449 1958 507 2009 by
536 1970 648 1996 some
678 1970 723 1996 as
753 1970 808 1996 an
831 1970 952 1996 omen
981 1956 1024 1995 of
1043 1956 1109 1994 his
1138 1956 1279 1994 death.
1339 1956 1510 1995 Sueton.
1541 1955 1632 1994 Jal.
1665 1956 1777 1996 Οαεε.
1802 1955 1879 2006 76;

226 2021 365 2070 Caliy.
400 2031 474 2066 223
507 2018 629 2070 Vesp.
662 2029 739 2068 233
778 2018 889 2059 Plin.
925 2019 1138 2070 Paneyffln
1174 2028 1254 2066 113
1294 2018 1505 2069 Spartian.
1549 2018 1661 2057 Geta
1698 2029 1735 2058 2.
1790 2018 1879 2056 Yet

219 2083 328 2122 after
347 2078 598 2120 Domitian's
619 2081 758 2120 action
782 2080 857 2120 the
880 2080 1072 2136 ‚divinjty
1093 2078 1137 2118 of
1160 2079 1234 2118 the
1262 2080 1404 2131 living*
1421 2092 1627 2131 emperors
1646 2093 1731 2118 was
1760 2093 1879 2131 regu-

220 2144 330 2195 larly
347 2142 600 2193 recognized.

276 2206 313 2245 6.
344 2206 526 2252 publici
554 2208 739 2244 hostes:
768 2205 942 2244 because
963 2203 1193 2256 disloyalty
1211 2206 1257 2242 to
1279 2203 1353 2242 the
1382 2216 1568 2254 emperor
1586 2216 1672 2242 was
1701 2216 1726 2242 a
1754 2203 1879 2241 crime

223 2268 388 2320 against
406 2266 479 2305 the
499 2270 607 2306 state
623 2280 632 2314 ;
663 2280 731 2306 see
750 2271 862 2315 note,
886 2266 949 2305 ch.
974 2267 1034 2305 28.

285 2340 346 2368 11.
378 2327 894 2376 abolefacere=abolere,
921 2329 932 2347 ‘
948 2331 993 2365 to
1020 2326 1147 2365 efface
1171 2325 1244 2364 the
1271 2324 1358 2375 city
1382 2324 1515 2363 under
1534 2324 1607 2363 the
1630 2325 1811 2376 disguise
1840 2323 1885 2362 of

224 2405 249 2430 a
283 2388 460 2430 tavern’
478 2407 486 2431 :
531 2403 661 2441 comp.
691 2390 753 2428 ch.
784 2401 861 2439 423
892 2389 1070 2428 Martia]
1098 2388 1170 2425 vii.
1201 2386 1266 2434 60,
1300 2389 1312 2407 ‘
1327 2387 1453 2425 Nunc
1482 2386 1617 2425 Roma
1645 2391 1729 2434 est,
1749 2399 1882 2437 nuper

225 2465 378 2505 magna
400 2455 575 2493 taberna
603 2452 734 2500 fuit’3
763 2452 895 2491 Tacit.
925 2451 1042 2490 Arm.
1071 2463 1139 2488 xv.
1162 2456 1226 2499 3¹7,
1247 2449 1446 2499 ‘publicis
1475 2448 1575 2486 locis
1604 2452 1764 2486 struere
1787 2461 1880 2487 con-

225 2515 352 2562 vivia,
374 2518 547 2565 totaque
566 2513 669 2551 urbe
688 2513 806 2563 quasi
827 2513 948 2551 domo
968 2508 1057 2549 uti?
1120 2509 1384 2561 Obolefaeere
1411 2510 1446 2547 is
1473 2509 1546 2548 the
1565 2509 1782 2560 ingenious
1804 2509 1882 2548 but

225 2589 504 2628 unnecessary
530 2575 769 2626 conjecture
798 2573 844 2612 of
867 2573 1029 2612 several
1058 2572 1228 2611 editors.
1284 2571 1495 2609 Habitum
1518 2571 1732 2610 demutare
1756 2572 1790 2609 is
1809 2571 1882 2609 the

226 2638 400 2689 reading
423 2638 468 2676 of
494 2637 592 2676 Cod.
623 2636 749 2675 Fuld.
819 2635 1086 2686 Abolefaeere
1114 2645 1254 2672 recurs
1283 2633 1334 2670 de
1364 2633 1464 2671 cult.
1481 2634 1588 2683 fem.
1621 2633 1648 2672 i.
1673 2644 1709 2682 3,
1742 2632 1786 2671 of
1809 2632 1883 2671 the

228 2701 485 2740 destruction
504 2704 549 2738 at
568 2699 642 2738 the
662 2699 839 2749 Deluge,
863 2700 874 2718 ‘
889 2698 1063 2749 perinde
1091 2697 1231 2748 potuit
1259 2696 1537 2735 abolefactam
1566 2709 1653 2735 esse
1681 2696 1884 2735 violentia

228 2761 468 2814 cataclysmi
487 2761 533 2799 in
553 2760 702 2811 spiritu
721 2773 862 2798 rursus
883 2756 1134 2798 1·eformare.’

338 2826 450 2863 vino
482 2825 638 2861 lutum
665 2833 842 2868 cogere,
879 2823 893 2841 ‘¹
904 2825 949 2859 to
985 2821 1110 2858 make
1141 2818 1243 2857 mud
1274 2817 1380 2857 with
1415 2815 1572 2858 wine’:
1616 2819 1827 2868 σομε-ηει
1839 2822 1884 2857 to

231 2883 430 2931 thicken,'
461 2897 601 2923 occurs
634 2883 761 2933 Verg.
801 2882 943 2932 Geory.
971 2882 1027 2921 iv.
1059 2880 1124 2931 36,
1155 2880 1239 2918 and
1265 2880 1506 2931 frequently
1533 2880 1578 2918 in
1606 2879 1679 2918 the
1706 2880 1884 2919 medical

231 2947 502 3000 phraseology
520 2945 565 2984 of
580 2944 709 2995 Pliny
730 2943 814 2983 and
833 2943 988 2982 Celsus.

293 3021 354 3048 12.
385 3008 659 3047 catervatim
693 3007 933 3043 cursitare.
991 3003 1130 3053 Comp.
1156 3002 1220 3041 ch.
1243 3013 1306 3053 39,
1335 3008 1442 3041 ‘non
1469 3002 1515 3040 in
1543 3006 1730 3042 catervas
1758 3001 1883 3041 caesi-

233 3084 374 3119 onum,
406 3082 541 3120 neque
572 3068 619 3106 in
651 3067 801 3106 classes
833 3062 1210 3112 discursationum?
1244 3066 1347 3111 ete.;
1395 3064 1583 3104 Juvenal
1613 3064 1672 3103 iii.
1708 3064 1784 3114 278
1815 3063 1857 3101 ff.
1874 3076 1884 3110 ;

232 3133 349 3172 Suet..
369 3131 482 3170 Nero
505 3129 554 3169 26
572 3143 582 3178 ;
614 3128 714 3168 Otho
737 3140 772 3168 2.

292 3205 353 3243 14.
383 3195 483 3232 dies
503 3193 770 3238 principum
790 3192 970 3229 decent.
1027 3187 1130 3227 Hor.
1147 3186 1284 3238 Epist.
1303 3187 1329 3226 i.
1354 3198 1389 3238 5.
1411 3199 1455 3238 9..
