2154 3564
224 182 562 234 CARXXXIX]
637 174 900 226 adversus
943 173 1137 225 Gentes
1169 181 1266 239 pro
1312 171 1652 224 Christianis.
1783 183 1881 235 123

224 317 478 380 refrigerio
506 317 601 365 isto
627 319 863 379 juvamus,
890 333 986 364 non
1012 332 1106 378 qua
1139 331 1284 377 penes
1309 331 1392 361 vos
1427 313 1632 376 parasiti
1655 312 1884 359 affectant

225 399 286 446 ad
321 399 524 461 gloriam
561 399 864 446 famulandae
899 396 1141 444 libertatis
1179 396 1265 444 sub
1302 398 1663 442 auctoramento
1698 392 1885 440 ventris

223 480 351 528 inter
383 481 696 528 contumelias
733 479 999 543 saginandi,
1026 479 1109 526 sed
1134 495 1229 541 qua
1260 494 1405 539 penes
1431 477 1588 523 Deum
1625 477 1777 536 major
1811 479 1885 521 est

223 563 566 625 contemplatio
590 563 914 610 mediocrium.

293 644 345 691 Si
386 644 588 692 honesta
627 661 793 692 caussa
829 647 900 691 est
941 641 1165 700 convivii,
1209 641 1454 703 reliquum
1490 638 1707 687 ordinem
1746 638 1885 685 disci·
1905 646 1926 685 5

222 725 384 789 plinae
417 726 683 785 aestimate,
711 725 796 789 qui
830 726 907 782 sit,
933 725 991 771 de
1019 723 1267 786 religionis
1298 722 1479 770 officio:
1518 720 1642 768 nihil
1665 719 1886 776 vilitatis,

223 808 347 854 nihil
387 808 719 856 immodestiae
761 807 979 854 admittit
996 823 1008 866 ;
1057 823 1154 852 non
1195 805 1332 868 prius
1371 803 1706 860 discumbitur,
1743 819 1889 864 quam

224 891 380 937 oratio
421 892 483 938 ad
522 891 678 937 Deum
717 893 1088 952 praegustetur-3
1142 888 1304 935 editur
1345 890 1583 949 quantum
1624 884 1888 932 esurientes

224 972 450 1034 capiunt3
489 972 678 1020 bibitur
702 968 938 1034 quantum
962 969 1151 1033 pudicis
1177 975 1248 1017 est
1270 969 1407 1016 utile.
1478 968 1559 1015 Ita
1592 971 1888 1023 saturantur,

224 1059 281 1101 ut
306 1054 391 1116 qui
423 1054 730 1101 meminerint
755 1054 901 1101 etiam
937 1070 1025 1115 per
1060 1056 1250 1099 noctem
1286 1051 1586 1099 adorandum
1611 1049 1771 1097 Deum
1798 1048 1890 1095 sibi
1911 1061 1960 1089 10

225 1152 352 1195 esse3
389 1136 458 1183 ita
492 1136 789 1192 fabulantur,
815 1139 873 1182 ut
909 1134 995 1196 qui
1032 1134 1187 1181 sciant
1217 1134 1481 1180 Dominum
1516 1131 1698 1179 audire.
1769 1130 1891 1177 Post

225 1234 398 1279 aquam
422 1217 696 1264 manualem
720 1220 768 1264 et
799 1216 996 1274 lumina,
1022 1220 1078 1262 ut
1105 1215 1307 1278 quisque
1333 1215 1391 1262 de
1423 1213 1679 1276 scripturis
1714 1212 1891 1260 sanctis

224 1299 302 1346 vel
340 1299 398 1346 de
438 1298 634 1362 proprio
676 1298 872 1362 ingenio
906 1302 1080 1361 potest,
1118 1301 1408 1360 provocatur
1446 1295 1499 1342 in
1540 1295 1754 1343 medium
1789 1295 1891 1341 Deo

225 1397 422 1439 canere3
458 1380 570 1428 hinc
599 1381 837 1443 probatur
870 1381 1103 1443 quomodo
1135 1378 1328 1426 biberit.
1398 1378 1569 1440 Aeque
1598 1378 1750 1424 oratio
1780 1394 1890 1423 con-

224 1462 411 1511 vivium
434 1462 635 1509 dirimit.
706 1462 829 1509 Inde
867 1461 1132 1509 disceditur
1166 1478 1262 1508 non
1298 1460 1350 1507 in
1376 1451 1592 1507 catervas
1617 1459 1890 1507 caesionum
1911 1477 1957 1516 15

225 1561 380 1607 neque
425 1544 477 1591 in
520 1544 694 1592 classes
735 1543 1155 1602 discursationum,
1195 1559 1282 1589 nec
1329 1542 1382 1588 in
1424 1541 1703 1604 eruptiones
1751 1540 1891 1588 lasci-

284 1650 318 1679 1.
348 1642 608 1689 refrigerio,
630 1641 640 1659 ‘
659 1637 944 1688 consolation,’
968 1640 978 1659 ‘
993 1637 1272 1677 refreshment
1293 1635 1302 1652 ’
1313 1650 1323 1686 ;
1352 1637 1425 1676 the
1443 1637 1557 1676 word
1575 1649 1717 1676 recurs
1731 1636 1795 1675 ch.
1812 1648 1864 1687 49
1882 1650 1891 1682 ;

226 1701 320 1741 adv.
342 1702 483 1740 Mare.
507 1702 566 1739 iii.
591 1714 655 1752 24,
677 1702 758 1741 and
781 1701 909 1752 Vulg.
930 1701 999 1740 ΡΞ.
1021 1700 1123 1738 lxvi.
1149 1711 1211 1738 12.

283 1775 316 1804 2.
350 1767 436 1802 sub
457 1768 806 1803 auctoramento
827 1765 1021 1810 ventris,
1046 1764 1056 1781 ‘
1071 1761 1134 1800 for
1154 1761 1264 1800 their
1282 1758 1431 1812 belly's
1451 1759 1590 1811 wage.’

279 1836 318 1874 4.
350 1827 700 1873 contemplatio,
735 1820 1095 1872 ‘consideration,'
1124 1837 1149 1862 a
1182 1836 1299 1862 sense
1331 1823 1572 1873 frequently
1600 1821 1818 1872 attaching
1846 1825 1890 1859 to

225 1886 311 1925 this
331 1886 445 1925 word
464 1887 509 1924 in
527 1887 724 1938 juridical
743 1886 881 1925 Latin.

280 1946 317 1987 6.
350 1950 474 1986 nihil
502 1951 719 1997 vilitatis,
742 1947 944 1998 ‘nothing
971 1944 1244 1998 disgraceful'
1263 1959 1272 1993 3
1302 1946 1386 1985 this
1413 1945 1610 1997 meaning
1629 1944 1674 1984 of
1690 1944 1836 1983 vilitas
1854 1944 1890 1982 is

225 2010 326 2061 only
344 2009 475 2048 found
502 2010 548 2048 in
576 2010 662 2048 late
691 2009 890 2056 authors3
920 2022 1050 2060 comp.
1081 2009 1208 2060 Apul.
1238 2008 1360 2048 Flor.
1383 2009 1408 2047 i.
1434 2017 1481 2059 73
1511 2007 1724 2045 Ammian.
1755 2006 1889 2044 Marc.

224 2071 309 2110 xiv.
332 2069 382 2119 6;
411 2070 553 2118 Quint.
575 2085 614 2109 v.
638 2078 674 2122 7.
700 2082 761 2119 23.

284 2140 318 2182 7.
351 2145 491 2179 quam
521 2135 672 2172 oratio
702 2135 762 2171 ad.
791 2135 944 2171 Deum
963 2135 1302 2178 praegustetur.
1359 2130 1447 2169 The
1466 2131 1496 2170 J
1501 2130 1630 2169 ewish
1650 2129 1829 2180 practice
1849 2127 1894 2166 of

226 2194 375 2245 saying
403 2199 412 2214 ‘
428 2207 549 2245 grace
578 2194 719 2233 before
747 2191 906 2240 meals:
939 2193 1184 2232 sanctioned
1214 2192 1298 2231 and
1328 2192 1520 2230 enforced
1547 2192 1605 2243 by
1625 2189 1799 2229 Christ's
1820 2203 1888 2229 ex-

225 2256 363 2306 ample
386 2254 444 2307 (S.
465 2255 594 2294 Matt.
613 2256 698 2294 xiv.
723 2267 785 2306 19,
807 2253 1011 2307 etfreq.)‚
1032 2268 1116 2294 was
1143 2254 1359 2306 regularly
1378 2253 1578 2292 observed
1600 2253 1656 2304 by
1674 2253 1747 2290 the
1774 2251 1891 2302 early

226 2319 472 2357 Ohristians.
532 2318 674 2369 Comp.
704 2318 744 2356 S.
775 2318 883 2356 Paul
912 2321 957 2355 to
986 2317 1028 2355 S.
1058 2317 1257 2368 Timothy
1281 2327 1298 2354 1
1331 2317 1411 2366 Ep.
1443 2315 1498 2353 iv.
1532 2325 1580 2365 53
1609 2315 1740 2355 Clem.
1761 2313 1888 2352 Alex.

226 2381 360 2419 Paed.
380 2381 423 2420 ii.
446 2392 473 2430 4
493 2380 542 2419 ὡς
563 2378 603 2418 δὲ
625 2378 812 2430 ἁρμόδιον
831 2377 921 2429 πρὶν
943 2378 1044 2428 ἡμᾶς
1072 2378 1328 2427 μεταλαβεῖν
1355 2377 1519 2428 τροφῆς,
1541 2376 1622 2414 τῶν
1652 2374 1890 2423 συμπάντων

227 2440 411 2491 εὐλογεῖν
441 2439 515 2479 τὸν
545 2439 726 2491 ποιητήν,
758 2439 863 2479 οὕτω
891 2438 958 2477 καῖ
985 2439 1089 2491 παρὰ
1117 2437 1242 2477 ποτὸν
1272 2437 1436 2488 καθήκει
1467 2438 1643 2489 ψάλλειν
1672 2437 1779 2487 αὐτῷ
1808 2436 1889 2474 τῶν

226 2503 348 2541 αὐτοῦ
368 2501 754 2552 μεταλαμβάνοντας
773 2500 1018 2551 κτισμάτων.
1054 2503 1121 2541 On
1140 2502 1213 2541 the
1233 2501 1417 2540 heathen
1437 2500 1616 2552 practice
1637 2512 1703 2537 see
1719 2499 1889 2537 Words-

226 2563 375 2612 worth,
394 2564 465 2603 Oh.
487 2564 605 2603 Hist.
626 2565 685 2603 iii.
707 2575 751 2601 11
772 2577 782 2610 ;
812 2564 1021 2602 Merivale
1040 2577 1078 2601 v.
1102 2564 1167 2602 82.

285 2636 346 2662 10.
376 2637 460 2670 per
481 2629 668 2664 noctem
687 2628 977 2664 adorandum
998 2628 1161 2664 Deum.
1217 2623 1455 2662 Tertullian
1475 2622 1682 2661 mentions
1702 2621 1776 2660 the
1796 2634 1890 2659 noe-

228 2690 382 2725 turma
401 2687 722 2735 convocationes,
744 2686 802 2725 ad
821 2699 944 2727 uxor.
968 2687 1012 2724 ii.
1034 2698 1071 2736 4.
1129 2686 1195 2725 On
1210 2685 1282 2723 the
1302 2689 1463 2724 custom
1482 2683 1527 2722 of
1542 2683 1719 2734 praying
1738 2683 1891 2734 during

227 2749 300 2787 the
328 2748 451 2798 night
480 2760 547 2786 see
577 2747 650 2787 the
683 2748 915 2787 references
950 2747 1035 2786 and
1063 2747 1304 2799 quotations
1338 2746 1384 2784 in
1416 2746 1574 2784 HOURS
1609 2755 1663 2783 OF
1691 2744 1890 2793 PRAYER,

228 2809 346 2848 Diet.
371 2808 467 2848 Chr.
488 2808 585 2847 Ant.

286 2881 347 2909 11.
381 2873 450 2909 ita
469 2872 754 2917 fabulantur,
777 2873 843 2917 ut,
878 2872 889 2890 ‘
903 2869 1006 2921 they
1026 2882 1068 2909 so
1087 2882 1284 2908 converse
1309 2881 1354 2907 as
1383 2868 1502 2908 those
1522 2867 1617 2907 who
1631 2867 1756 2906 know
1777 2897 1785 2905 .
1810 2898 1819 2906 .
1841 2865 1890 2914 .’;

227 2932 335 2984 Eph.
355 2933 411 2971 iv.
437 2943 500 2983 29,
524 2942 575 2981 30
590 2944 599 2978 ;
629 2931 780 2969 Ooloss.
803 2931 857 2970 iv.
882 2929 920 2968 6.

286 3005 347 3044 15.
376 2995 654 3038 caesionum,
680 2992 767 3030 ‘for
795 2996 883 3030 acts
911 2991 957 3030 of
970 2988 1198 3030 violence':
1228 2990 1313 3030 this
1341 2991 1376 3029 is
1404 3004 1429 3030 a
1458 3004 1560 3042 very
1587 3003 1691 3037 rare,
1721 2990 1758 3028 if
1773 2993 1847 3028 not
1866 3002 1891 3028 a

227 3057 401 3107 solitary
420 3056 608 3093 instance
629 3053 674 3092 of
689 3053 823 3092 caesio
844 3053 949 3092 with
969 3053 1055 3092 this
1076 3052 1365 3104 signification.
1425 3052 1656 3091 Columella
1671 3050 1745 3102 (iv.
1762 3062 1825 3100 33.
1848 3051 1886 3101 Ι)

228 3130 323 3156 uses
343 3118 380 3155 it
400 3116 445 3155 of
461 3118 472 3137 ‘
487 3112 693 3167 pruning'
711 3119 833 3154 trees.
895 3114 971 3153 See
991 3118 1103 3162 note,
1124 3114 1186 3152 ch.
1214 3125 1236 3163 3
1242 3124 1262 3164 5
1280 3127 1290 3161 ;
1320 3113 1405 3152 and
1424 3126 1479 3152 on
1500 3116 1510 3134 ‘
1523 3113 1597 3152 the
1624 3112 1831 3164 brutality
1851 3112 1896 3150 of

229 3178 379 3217 bullies
397 3178 442 3217 in
464 3178 534 3217 the
554 3175 732 3226 streetS,’
755 3177 872 3228 Inge‚
891 3175 1034 3216 Social
1053 3175 1151 3228 sze
1170 3175 1216 3214 in
1236 3176 1376 3225 Rome,
1396 3188 1435 3226 p.
1455 3173 1520 3222 46.
