2154 3564
173 254 269 291 CAP.
290 248 382 300 IX]
497 241 757 293 adversus
800 239 993 293 Gentes
1021 249 1124 308 pro
1168 239 1511 295 Christianis.
1767 257 1836 315 35

172 387 330 431 tatum
367 386 453 431 est.
547 382 708 430 Aiunt
744 388 794 431 et
835 383 966 446 apud
1003 384 1237 446 quosdam
1284 385 1488 447 gentiles
1540 384 1832 448 Seytharum

172 465 451 512 defunctum
476 481 712 526 quemque
737 482 765 511 a
793 466 890 513 suis
915 465 1112 513 comedi.
1183 466 1349 528 Longe
1380 483 1599 515 excurro.
1673 469 1835 516 Hodie

172 547 282 593 istic
318 546 546 593 Bellonae
581 552 793 593 sacratos
826 546 1022 608 sanguis
1048 547 1106 594 de
1142 548 1319 595 femore
1354 548 1589 610 proscisso
1614 550 1835 611 parmula

172 634 400 691 exceptus
426 632 475 675 et
499 628 598 676 suis
624 628 766 675 datus
788 627 963 691 signat.
1034 629 1161 676 Item
1176 629 1265 688 illi,
1281 630 1364 691 qui
1387 647 1587 677 munere
1611 630 1664 676 in
1688 648 1835 678 arena

171 711 427 757 noxiorum
454 710 794 772 jugulatorum
830 709 1114 772 sanguinem
1150 715 1395 758 recentem
1433 709 1514 778 [de
1544 711 1719 775 jugulo
1755 713 1834 760 de·
1851 736 1874 775 5

172 795 447 840 currentem
484 789 764 858 exceptum]
809 792 951 839 avida
987 792 1071 839 siti
1106 793 1340 841 comitiali
1379 794 1545 841 morbo
1586 795 1834 842 medentes

170 875 452 933 hauserunt,
478 873 565 921 ubi
596 875 744 921 suntZ
782 874 897 921 item
922 874 1012 932 illi,
1039 874 1124 937 qui
1149 876 1207 922 de
1244 893 1388 923 arena
1419 876 1590 924 ferinis
1624 877 1835 925 obsoniis

171 962 361 1016 cenant,
388 956 474 1019 qui
509 957 568 1004 de
604 974 736 1019 apro,
765 957 848 1019 qui
881 957 940 1004 de
970 974 1112 1006 cervo
1135 959 1345 1021 petunttt
1415 957 1549 1021 Aper
1573 959 1670 1017 ille,
1692 976 1835 1022 quem

171 1039 461 1097 cruentavit,
501 1039 805 1086 colluctando
843 1039 1074 1099 detersit3
1135 1057 1307 1088 cervus
1343 1041 1427 1087 ille
1462 1042 1516 1087 in
1550 1041 1837 1103 gladiatoris

172 1121 408 1183 sanguine
447 1139 496 1168 se
529 1122 751 1184 jactavit.
824 1121 1052 1184 Ipsorum
1098 1139 1324 1169 ursorum
1361 1123 1488 1170 alvei
1534 1127 1834 1186 appetuntur
1854 1143 1902 1170 10

171 1204 473 1251 cruditantes
497 1204 655 1251 adhuc
679 1203 738 1250 (16
762 1203 1031 1251 visceribus
1055 1203 1293 1251 humanis.
1364 1205 1608 1252 Ructatur
1631 1206 1834 1268 proinde

170 1286 232 1332 ab
261 1285 452 1332 homine
478 1302 586 1332 caro
611 1291 749 1348 pasta
773 1285 831 1332 de
855 1286 1063 1334 homine.
1136 1287 1270 1334 Haec
1297 1286 1382 1348 qui
1408 1286 1565 1345 editis,
1593 1292 1831 1350 quantum

170 1367 348 1414 abestis
373 1384 401 1414 a
425 1367 659 1415 conviviis
680 1367 1106 1415 Christianorum?
1154 1369 1320 1416 Minus
1344 1373 1508 1417 autem
1531 1369 1606 1415 illi
1630 1369 1831 1429 faciunt,

171 1449 256 1511 qui
280 1449 484 1496 libidine
501 1450 603 1497 fera
626 1449 850 1497 humanis
874 1450 1103 1498 membris
1119 1451 1325 1510 inhiant,
1343 1451 1459 1513 quia
1474 1451 1611 1500 vivos
1627 1454 1830 1500 vorant‘.Z

170 1530 329 1578 minus
356 1531 583 1579 'humano
626 1531 858 1594 sanguine
901 1532 962 1579 ad
1000 1533 1287 1595 spurcitiam
1326 1538 1682 1592 consecrantur,
1718 1534 1831 1596 quia
1851 1552 1896 1591 15

169 1612 390 1661 futurum
417 1612 703 1675 sanguinem
726 1614 982 1662 lambunt?
1020 1631 1118 1661 non
1149 1615 1303 1662 edunt
1327 1615 1535 1662 infantes
1566 1615 1722 1677 plane,
1749 1616 1832 1662 sed

170 1695 322 1757 magis
359 1695 577 1757 puberes.
647 1696 915 1744 Erubescat
951 1714 1087 1744 error
1122 1701 1283 1745 vester
1320 1696 1626 1754 Christianis,
1655 1697 1739 1759 qui
1775 1715 1836 1744 ne

169 1776 451 1824 animalium
476 1776 668 1839 quidem
705 1779 988 1840 sanguinem
1012 1778 1066 1825 in
1102 1779 1259 1841 epulis
1291 1779 1549 1827 esculentis
1585 1779 1833 1837 habemus,

230 1905 263 1932 2.
294 1906 322 1932 a
353 1895 452 1932 suis
486 1895 692 1933 comedi:
725 1895 819 1934 adv.
854 1895 990 1934 Marc.
1023 1894 1051 1933 i.
1086 1907 1102 1933 1
1123 1908 1133 1942 ;
1169 1895 1329 1934 Herod.
1365 1895 1392 1934 i.
1431 1894 1508 1934 216
1528 1908 1538 1943 ;
1571 1895 1699 1934 Silius
1731 1895 1830 1934 Ital.

169 1956 330 1994 Punic,
353 1955 440 1993 xiii.
461 1954 541 2005 466
562 1955 604 1995 ff.
623 1968 633 2003 3
663 1956 822 1994 Jerom.
844 1956 939 1995 adv.
965 1957 1060 1996 Jov.
1085 1968 1120 1995 2.

299 2020 455 2055 Hodie
476 2019 596 2056 istic.
655 2023 664 2037 ‘
679 2017 852 2069 'ro-day,
873 2021 919 2057 at
938 2017 1059 2057 home
1081 2049 1090 2058 .
1113 2049 1122 2058 .
1146 2016 1184 2066 .‚'
1204 2018 1234 2058 ι’.
1251 2032 1282 2057 e.
1306 2020 1316 2038 ‘
1338 2018 1438 2057 here
1457 2018 1502 2056 in
1522 2018 1760 2070 Carthage.’

228 2090 265 2127 3.
297 2081 519 2117 Bellonae
555 2083 774 2127 sacratos,
807 2082 883 2118 ete.
942 2080 1085 2131 Gomp.
1118 2080 1214 2118 Ael.
1250 2080 1465 2131 Lamprid.
1507 2079 1757 2120 Commodus
1790 2093 1829 2132 9,

171 2140 182 2159 ‘
198 2140 399 2179 Bellonae
420 2139 649 2179 servientes
669 2153 767 2179 vere
787 2153 978 2179 exsecare
1006 2141 1224 2180 brachium
1248 2141 1458 2192 praecepit
1484 2142 1624 2180 studio
1652 2142 1829 2181 crudeli—

169 2199 294 2241 tatis'
315 2215 324 2250 3
356 2202 481 2253 Verg.
501 2201 612 2241 Aen.
638 2202 728 2241 viii.
754 2209 844 2253 703,
867 2206 878 2226 ‘
896 2203 1073 2242 Bellona
1094 2217 1189 2242 cum
1209 2204 1436 2254 sanguineo
1457 2201 1653 2254 flage110.'

225 2263 263 2303 6.
295 2266 525 2304 comitiali
545 2266 710 2304 morbo
726 2267 980 2313 medentes,
1005 2266 1016 2285 ‘
1033 2278 1078 2304 as
1098 2279 1123 2304 a
1142 2279 1239 2304 cure
1258 2265 1323 2304 for
1343 2263 1555 2317 epilepsy.'

228 2337 291 2365 11.
321 2328 612 2365 cruditantes
644 2356 654 2366 .
687 2356 695 2366 .
728 2356 737 2364 .
767 2329 1001 2366 humanis.
1051 2328 1193 2378 Comp.
1215 2327 1401 2367 Salvian.
1423 2327 1471 2366 de
1493 2327 1584 2379 qul).
1605 2326 1690 2366 Dei
1709 2328 1766 2365 vi.
1791 2339 1827 2376 2⁷

170 2390 181 2408 ‘
199 2386 402 2435 Primum,
424 2387 535 2438 quod
553 2388 660 2425 nihil
678 2387 809 2426 ferme
828 2389 897 2427 vel
926 2389 1151 2427 criminum
1178 2389 1247 2427 vel
1275 2388 1532 2439 flagitiorum
1561 2392 1624 2427 est
1651 2388 1763 2439 quod
1782 2388 1828 2426 in

170 2449 416 2499 spectaculis
436 2462 520 2487 non
541 2449 595 2487 sit
613 2462 623 2497 3
652 2449 724 2487 ubi
744 2462 952 2489 summum
974 2450 1216 2489 deliciarum
1244 2463 1376 2501 genus
1406 2453 1469 2488 est
1496 2450 1602 2488 mori
1622 2450 1825 2497 homines,

171 2513 246 2548 aut
267 2539 277 2548 .
300 2540 309 2549 .
332 2539 341 2548 .
363 2511 520 2561 expleri
541 2510 727 2549 ferarum
746 2511 864 2550 alvos
884 2511 1080 2550 humanis
1109 2512 1319 2559 carnibus,
1341 2511 1499 2551 comedi
1525 2511 1712 2550 homines
1732 2525 1827 2550 cum

169 2571 531 2610 circumstantium
551 2572 715 2611 laetitia
736 2602 746 2611 .
767 2602 776 2610 .
799 2603 808 2613 .
832 2576 874 2612 et
895 2577 944 2612 ut
964 2573 1154 2612 devorari
1173 2573 1334 2624 possint
1353 2586 1378 2610 a
1398 2572 1496 2611 feris
1515 2573 1676 2611 viscera
1694 2572 1825 2611 homi-

168 2646 283 2681 num,
305 2646 388 2671 non
407 2633 507 2671 licet
527 2637 723 2672 naturam
741 2648 883 2673 rerum
901 2635 1063 2686 aliquid
1081 2635 1236 2674 habere
1255 2632 1489 2674 secretum.'

228 2701 289 2745 17.
320 2695 402 2739 qui
422 2706 480 2732 116
502 2697 776 2734 animalium
791 2699 982 2742 quidem
1003 2699 1293 2741 sanguinem.
1349 2695 1494 2743 Blood‚
1517 2708 1562 2734 as
1581 2695 1655 2734 the
1674 2696 1826 2735 visible

169 2755 499 2807 representation
519 2756 563 2794 of
578 2762 587 2777 ⁶
603 2756 677 2794 the
696 2755 799 2805 life,’
819 2771 905 2796 was
933 2757 1151 2796 forbidden
1180 2770 1225 2795 as
1252 2770 1307 2796 an
1335 2757 1481 2795 article
1510 2756 1556 2795 of
1570 2757 1666 2796 food
1688 2758 1733 2795 in
1751 2758 1825 2797 the

169 2817 338 2856 earliest
357 2816 637 2866 prae-Mosaic
661 2817 898 2868 legislation
918 2817 1045 2870 (Gen.
1066 2819 1121 2857 ix.
1144 2817 1249 2868 4-6;
1280 2831 1411 2868 comp.
1432 2818 1582 2869 Apost.
1604 2819 1745 2858 Const.
1767 2821 1825 2859 vi„

172 2878 257 2925 22),
286 2878 369 2916 and
397 2877 471 2915 the
499 2878 758 2927 prohibition
786 2892 872 2917 was
905 2879 1141 2918 reinforced
1173 2880 1219 2917 in
1246 2879 1319 2918 the
1349 2879 1555 2918 Levitical
1582 2880 1682 2919 code
1703 2881 1821 2930 (Lev.

166 2939 268 2978 xvii.
294 2940 459 2989 10-14),
480 2938 564 2977 and
584 2939 708 2990 again
722 2940 779 2990 by
797 2940 870 2978 the
891 2940 1064 2979 Council
1085 2940 1130 2979 of
1144 2942 1383 2980 Jerusalem
1403 2942 1574 2992 dealing
1592 2942 1697 2981 with
1712 2943 1827 2982 Gen-

169 3001 244 3039 11116
273 3004 466 3039 converts
498 3000 622 3050 (Acts
650 3014 718 3039 xv.
751 3002 836 3052 20).
895 3002 939 3040 It
963 3002 1038 3041 has
1073 3016 1171 3041 ever
1198 3003 1424 3042 continued
1452 3004 1525 3042 the
1553 3004 1644 3043 rule
1675 3005 1722 3043 in
1749 3005 1823 3045 the

169 3062 350 3100 Eastern
369 3062 548 3109 Ohnrch,
569 3063 654 3100 and
668 3075 753 3101 was
772 3063 870 3114 long
885 3063 1084 3102 observed
1099 3064 1143 3101 in
1157 3063 1230 3102 the
1243 3065 1376 3103 West.
1437 3065 1577 3116 Comp.
1602 3066 1651 3105 de
1663 3080 1821 3118 monoq.

171 3133 192 3173 5
212 3136 221 3169 3
252 3123 402 3161 Euseb.
424 3137 463 3163 V.
485 3123 512 3172 i,
535 3121 612 3161 πῶς
630 3120 679 3160 ἂν
707 3120 841 3160 παιδία
870 3122 1039 3174 φάγοιεν
1068 3125 1106 3162 οἵ
1123 3125 1312 3173 τοιοῦτοι,
1337 3124 1393 3164 οἷς
1411 3125 1510 3177 μηδὲ
1531 3125 1693 3177 ἀλόγων
1716 3125 1821 3175 ζώων

169 3182 267 3232 αἷμα
296 3184 442 3234 φαγεῖν
477 3182 564 3233 ἐξόν
581 3197 591 3233 ;
632 3185 759 3223 016111.
790 3185 917 3224 Alex.
948 3185 1083 3226 Paed.
1114 3186 1172 3225 iii.
1207 3198 1257 3236 33
1285 3187 1437 3227 Strom.
1469 3189 1523 3227 iv.
1560 3199 1636 3240 153
1667 3190 1820 3242 Origen

169 3248 301 3286 contr.
325 3246 432 3286 Cels.
454 3247 545 3287 viii.
566 3258 643 3297 303
674 3246 769 3298 Cyr.
790 3247 881 3286 Jer.
902 3246 1069 3287 catech.
1090 3247 1145 3287 ix.
1170 3250 1218 3288 28
1237 3262 1248 3298 ;
1276 3250 1377 3290 xvii.
1401 3261 1465 3302 29.

954 3332 1039 3364 D2
