2154 3564
291 181 312 216 1
323 181 394 229 04
755 164 1084 216 Tertulliani
1118 162 1170 213 Α
1164 163 1490 230 pologetz'czcs
1672 171 1788 224 [CAP.
1808 175 1846 213 X
1850 175 1945 214 XX.

283 314 474 373 pectore
498 325 704 357 oramus.
774 308 1029 355 Precantes
1058 323 1222 354 sumus
1247 323 1410 354 omnes
1446 323 1635 370 semper
1668 324 1757 369 pro
1793 306 1948 355 omni-

289 391 374 440 bus
408 391 796 455 11011616130111106,
820 390 975 438 vitam
1009 389 1107 436 illis
1142 388 1395 452 prolixam,
1421 388 1676 452 imperium
1712 406 1946 446 securum,

285 474 480 521 domum
514 479 685 532 tutam,
722 471 962 519 exercitus
1004 472 1169 530 fortes,
1207 475 1429 519 senatum
1469 471 1675 529 fidelem,
1714 471 1949 534 populum

283 556 503 619 probum,
530 556 695 603 orbem
721 553 952 617 quietum,
980 557 1029 600 et
1054 569 1382 615 quaecumque
1413 552 1619 600 hominis
1648 558 1697 600 61
1726 552 1950 600 Caesaris

245 656 267 695 5
285 642 398 686 vota
423 642 553 686 sunt.
623 638 758 684 Haec
783 637 843 684 ab
868 636 963 683 alio
988 652 1124 683 orare
1157 652 1253 683 non
1278 652 1484 698 possum,
1513 653 1658 698 quam
1681 653 1709 683 a
1733 653 1827 699 quo
1852 635 1950 683 scio

283 738 359 768 me
385 724 768 779 consecuturum,
798 718 1027 780 quoniam
1056 717 1240 781 etipse
1265 722 1339 765 est
1367 718 1451 780 qui
1486 719 1615 765 solus
1648 723 1876 780 praestat,
1901 723 1951 766 et

284 820 371 866 ego
395 820 500 851 sum
526 802 604 850 cui
634 802 898 864 impetrare
923 800 1140 858 debetur,
1166 801 1379 848 famulus
1405 803 1520 862 ejus,
1548 800 1632 863 qui
1656 818 1764 848 eum
1797 802 1952 848 solum

284 886 498 943 observo,
534 885 619 947 qui
652 889 854 947 propter
889 883 1198 947 disciplinam
1233 885 1338 945 ejus
1376 883 1579 942 occidor,
1608 884 1691 945 qui
1727 883 1772 931 ei
1808 882 1952 930 offero

284 967 495 1029 opimam
520 972 569 1014 et
593 968 824 1028 majorem
847 965 1069 1025 hostiam,
1097 983 1241 1028 quam
1264 965 1368 1028 ipse
1393 964 1658 1023 mandavit,
1685 964 1953 1013 orationem

219 1070 269 1097 10
285 1049 342 1097 de
369 1066 510 1097 carne
542 1049 734 1111 11011166,
760 1048 818 1095 116
851 1048 1013 1095 6011116
1047 1047 1307 1105 innocenti,
1334 1047 1392 1094 de
1429 1046 1608 1110 spiritu
1644 1051 1808 1095 660610
1843 1064 1954 1110 1110-

283 1133 472 1179 sectam.
543 1131 658 1177 Non
716 1147 871 1192 grana
917 1129 1042 1177 turis
1089 1129 1234 1177 unius
1288 1129 1422 1188 assis,
1472 1128 1711 1177 Arabicae
1769 1129 1954 1177 arboris

283 1214 519 1271 lacrimas,
539 1229 626 1260 1166
651 1213 771 1260 duas
801 1212 925 1259 meri
949 1216 1131 1274 guttas,
1157 1229 1245 1260 066
1280 1213 1568 1275 sanguinem
1597 1212 1794 1276 reprobi
1817 1211 1954 1260 bovis

283 1296 408 1343 mori
426 1295 658 1358 optantis,
678 1300 726 1343 61
744 1299 855 1357 11061
873 1294 1032 1342 omnia
1057 1294 1425 1357 inquinamenta
1444 1296 1592 1343 etiam
1612 1295 1953 1342 conscientiam

283 1395 533 1441 spurcam:
571 1383 628 1425 013
656 1377 815 1435 mirer,
843 1395 951 1424 cum
974 1377 1161 1425 hostiae
1185 1378 1457 1440 probantur
1480 1395 1627 1441 penes
1652 1394 1736 1425 vos
1761 1395 1789 1425 6
1807 1376 1952 1425 vitio-

220 1471 266 1512 15
284 1461 485 1509 sissimis
512 1459 853 1516 sacerdotibus,
871 1474 956 1507 cur
981 1459 1263 1521 praecordia
1286 1459 1451 1522 potius
1470 1460 1791 1518 victimarum,
1810 1476 1955 1522 quam

283 1543 499 1605 ipsorum
518 1541 897 1589 sacrificantium
921 1542 1272 1589 examinentur.
1311 1541 1392 1590 Sic
1416 1541 1582 1604 itaque
1605 1559 1691 1589 nos
1710 1542 1773 1589 ad
1796 1542 1954 1589 Deum

342 1650 376 1678 1.
409 1641 661 1678 Precantes
684 1668 692 1677 .
719 1668 728 1676 .
752 1669 760 1677 .
785 1669 794 1677 .
835 1650 1020 1684 semper
1056 1651 1142 1684 pro
1182 1641 1293 1684 imp.
1370 1638 1511 1688 Comp.
1544 1639 1657 1676 Acta
1689 1650 1877 1688 procons.
1911 1637 1955 1676 S.

284 1701 484 1753 Cypriam
506 1702 517 1721 (
531 1701 803 1752 deprecamur
823 1700 967 1739 diebus
988 1714 1035 1739 ac
1055 1701 1247 1740 noctibus
1269 1731 1277 1738 .
1301 1731 1309 1738 .
1332 1730 1341 1739 .
1366 1714 1440 1751 pro
1459 1700 1753 1739 incolumitate
1773 1700 1956 1750 ipsorum

284 1759 607 1813 imperatorum'
622 1775 633 1809 3
663 1761 892 1813 Dionysius
914 1761 1050 1812 <apud
1077 1762 1227 1801 Euseb.
1256 1761 1327 1800 vii.
1361 1762 1453 1812 11);
1484 1762 1626 1813 Polyc.
1655 1762 1715 1801 ad
1740 1761 1855 1800 Phil.
1880 1772 1956 1809 12;

287 1825 402 1863 Just.
434 1823 566 1863 Mart.
594 1824 727 1874 Apol.
758 1823 786 1863 i.
824 1830 899 1874 173
931 1823 1042 1873 Orig.
1074 1826 1208 1863 contr.
1242 1822 1350 1863 Cels.
1377 1823 1463 1863 viii.
1489 1831 1565 1874 73;
1595 1824 1726 1863 Clem.
1747 1823 1868 1862 Rom.
1900 1822 1958 1862 ad

296 1886 388 1924 Cor.
408 1886 433 1924 i.
455 1884 520 1924 61.

343 1959 380 1998 9.
412 1949 617 1992 opimam
646 1951 693 1986 et
715 1949 940 1993 majorem
959 1948 1177 1986 hostiam.
1236 1946 1378 1997 Comp.
1402 1945 1452 1984 de
1473 1949 1581 1985 orat.
1610 1953 1674 1996 27,
1696 1949 1707 1968 ‘
1723 1950 1957 1985 saturatam

288 2008 519 2047 orationem
542 2008 661 2046 velut
688 2009 889 2059 optimam
918 2008 1100 2047 hostiam
1128 2008 1399 2056 admovere’3
1426 2008 1481 2047 ib.
1511 2009 1574 2056 28,
1598 2008 1724 2047 (11666
1754 2011 1817 2047 est
1845 2008 1957 2047 enim

288 2070 428 2109 hostia
447 2070 648 2120 spiritalis
669 2083 776 2121 quae
796 2070 976 2121 pristina
996 2069 1198 2109 sacrificia
1218 2067 1403 2108 delevit.’
1461 2069 1572 2110 Heb.
1593 2070 1678 2108 xiii.
1704 2079 1765 2119 15.

349 2143 411 2171 10.
442 2134 500 2170 de
521 2134 693 2177 spiritu
712 2136 874 2171 sancto
894 2146 903 2170 :
937 2131 1066 2170 ‘from
1087 2145 1112 2170 a
1132 2132 1251 2182 picus
1272 2131 1420 2183 spirit.9

348 2204 408 2231 ΙΙ.
440 2195 552 2231 Non
577 2205 719 2239 grana
743 2195 878 2231 turis.
937 2193 1079 2244 Comp.
1107 2193 1169 2232 ch.
1199 2205 1266 2244 42,
1290 2194 1427 2232 ‘Tura
1454 2193 1578 2244 plane
1610 2205 1695 2231 non
1728 2192 1904 2231 emimus
1921 2190 1956 2239 ’ς

291 2254 332 2294 S.
350 2254 478 2293 016111.
501 2254 626 2294 Alex.
647 2254 777 2294 Paed.
798 2255 840 2293 ii.
864 2256 914 2303 83
944 2254 985 2294 S.
1002 2255 1187 2305 August.
1215 2268 1355 2294 enarr.
1382 2257 1428 2294 in
1454 2254 1526 2294 Ps.
1550 2254 1653 2292 xlixx
1711 2254 1799 2292 The
1827 2254 1957 2293 ritual

291 2329 364 2355 use
394 2316 440 2354 of
459 2316 626 2354 incense
644 2329 730 2354 was
758 2316 914 2367 closely
932 2316 1152 2355 identified
1171 2316 1277 2356 with
1304 2316 1489 2367 idolatry
1510 2316 1552 2354 in
1570 2313 1838 2354 Tertullian’s
1859 2315 1954 2367 day,

290 2378 374 2416 and
393 2377 554 2416 formed
576 2379 586 2397 ‘
601 2392 626 2417 a
644 2377 760 2417 chief
773 2381 858 2417 test
886 2379 931 2416 in
956 2378 1030 2417 the
1050 2378 1333 2429 persecutions
1352 2378 1397 2416 os
1412 2377 1486 2416 the
1506 2376 1744 2415 Christians
1757 2374 1766 2390 ’
1784 2390 1794 2424 3
1824 2390 1955 2428 comp.

288 2440 319 2478 J
324 2453 451 2480 erom.
485 2439 565 2491 Ep.
605 2450 666 2489 14.
739 2439 783 2479 It
811 2440 911 2488 had,
940 2440 1148 2488 however,
1177 2441 1233 2479 its
1261 2440 1497 2478 non-ritual
1523 2452 1642 2486 uses;
1683 2452 1876 2490 compare
1905 2439 1957 2478 de

290 2514 429 2541 coron.
462 2513 525 2549 10,
557 2501 617 2539 ‘ni
650 2514 718 2540 me
749 2502 849 2540 odor
883 2502 1060 2554 alicujus
1093 2502 1173 2540 1061
1202 2501 1437 2550 offenderit,
1467 2500 1653 2539 Arabiae
1691 2501 1855 2552 aliquid
1888 2501 1956 2540 ,in-

289 2560 468 2609 cendo’3
513 2562 597 2601 and
623 2563 659 2602 it
685 2576 770 2602 was
798 2564 1012 2603 doubtless
1042 2562 1261 2614 employed
1285 2563 1329 2601 in
1356 2562 1429 2602 the
1458 2562 1692 2601 catacombs
1723 2563 1806 2601 and
1835 2576 1956 2601 caves

288 2624 334 2661 in
353 2624 491 2663 which
519 2623 593 2663 the
614 2625 731 2677 early
750 2625 986 2665 Christians
1014 2625 1114 2664 held
1143 2625 1254 2664 their
1278 2625 1530 2664 assemblies.
1595 2624 1671 2663 See
1699 2624 1891 2663 INCENSE
1910 2625 1956 2663 in

290 2685 410 2725 Dice.
430 2685 525 2726 Chr.
545 2685 652 2726 Ant.

349 2757 411 2786 12.
442 2749 556 2785 duas
577 2748 693 2786 meri
713 2752 885 2793 guttas.
943 2748 1085 2799 Gomp.
1107 2747 1275 2787 Sueton.
1300 2747 1456 2796 Galba,
1476 2748 1539 2787 18.

398 2810 586 2853 reprobi
625 2811 774 2848 bovis.
830 2809 971 2860 Comp.
993 2810 1057 2849 ch.
1096 2822 1159 2860 14,
1189 2812 1307 2849 ‘cum
1336 2815 1482 2848 enecta
1511 2813 1552 2848 et
1581 2809 1771 2848 tabidosa
1798 2812 1840 2847 et
1870 2821 1953 2847 666-

289 2868 406 2906 biosa
433 2882 621 2920 quaeque
650 2870 872 2911 mactatis?
931 2871 1116 2922 Reprobi
1145 2871 1181 2909 is
1206 2870 1338 2909 found
1369 2872 1469 2922 only
1497 2871 1542 2908 in
1569 2871 1655 2909 late
1683 2870 1816 2916 latin;
1854 2869 1890 2908 it
1919 2870 1954 2908 is

291 2929 458 2980 applied
483 2934 527 2968 to
553 2931 655 2970 false
681 2945 834 2984 money
851 2933 897 2971 in
922 2933 996 2972 the
1021 2933 1206 2984 Digests‚
1231 2943 1292 2981 13.
1318 2940 1352 2983 7.
1380 2944 1430 2983 24
1444 2946 1454 2981 3
1484 2933 1568 2971 and
1594 2933 1640 2971 in
1665 2932 1738 2971 the
1758 2931 1886 2982 Vulg.
1910 2935 1954 2970 to

289 3003 452 3042 money,
474 2991 558 3029 and
577 2992 718 3044 things
737 2994 919 3045 rejected
939 3007 983 3032 as
1003 2995 1174 3043 0661666,
1194 2995 1224 3034 J
1229 3007 1353 3034 erem.
1375 2996 1431 3034 vi.
1454 3006 1530 3043 30;
1565 3006 1583 3031 2
1605 2994 1712 3032 Tim.
1732 2993 1789 3031 iii.
1813 2993 1850 3031 8.

349 3050 411 3090 16.
443 3054 521 3091 Sic
542 3054 700 3099 itaque
719 3067 804 3093 nos
825 3058 885 3094 ad
901 3059 1063 3095 Deum.
1111 3056 1187 3094 See
1202 3056 1275 3095 the
1287 3069 1392 3107 pass.
1412 3056 1475 3095 ch.
1493 3068 1508 3094 1
1521 3068 1555 3104 2,
1574 3054 1866 3105 enumerating
1880 3053 1954 3092 the

293 3117 470 3152 tortures
500 3113 545 3152 of
577 3114 650 3153 the
679 3116 928 3166 Christians,
958 3117 1041 3155 and
1070 3131 1260 3168 compare
1288 3117 1361 3156 the
1391 3122 1520 3156 terms
1559 3117 1604 3155 of
1637 3115 1835 3167 reproach
1863 3128 1952 3154 sar-

291 3174 481 3213 menticiz'
502 3177 542 3213 et
560 3177 747 3225 semaa-ii,
769 3178 831 3217 ch.
851 3189 916 3228 50,
938 3178 1044 3217 with
1063 3183 1196 3218 1101366.
