2154 3564
282 230 350 283 32
737 211 1067 267 Tertulliani
1101 211 1151 262 A
1148 210 1471 278 pologetz'cus
1733 218 1851 271 [CAP.
1875 221 1952 260 IX.

279 360 588 420 cognoscunt,
613 360 663 404 et
687 355 927 404 sustinent
952 358 1001 402 et
1025 355 1298 417 ignoscunt.
1372 353 1566 401 Timent
1600 352 1764 417 plecti,
1792 351 1878 415 qui
1903 350 1945 399 si

279 439 590 503 proclament,
611 437 804 486 defendi
817 436 1145 494 merebuntur,
1156 435 1241 499 qui
1260 435 1405 483 etiam
1423 436 1557 482 ultro
1572 435 1733 498 perire
1751 434 1942 492 malint,
1985 453 1989 455 ’

281 539 426 585 quam
461 522 550 570 sub
588 520 679 569 tali
719 519 1014 568 conscientia
1048 517 1226 567 vivere.
1297 517 1402 580 Age
1438 535 1566 565 nunc
1600 517 1819 576 timeant,
1859 533 1946 564 cur

281 604 428 652 etiam
452 606 762 667 perseverant
783 603 800 649 2
872 600 1106 663 Sequitur
1130 600 1272 660 enim,
1300 618 1360 648 ne
1385 600 1517 648 ultra
1541 600 1661 649 velis
1684 599 1736 648 id
1758 604 1808 647 te
1832 615 1948 656 esse,

241 701 264 741 5
284 686 412 749 quod
437 686 478 734 si
502 685 638 749 prius
663 684 844 743 scisses,
871 700 969 730 non
993 683 1180 732 fuisses.

937 849 1161 899 CAPUT
1197 849 1296 898 IX.

352 956 507 1003 HAEC
522 971 616 1018 quo
635 953 789 1016 magis
813 952 1143 1011 refutaverim,
1165 969 1193 1000 a
1211 952 1349 1001 vobi-s
1363 951 1471 1000 fieri
1496 953 1745 1001 ostendam
1769 954 1951 1017 partim

281 1039 334 1086 in
369 1043 552 1100 aperto,
577 1036 763 1100 partim*
795 1036 848 1083 in
884 1036 1089 1094 occulto,
1115 1052 1204 1098 per
1240 1035 1372 1097 quod
1407 1034 1615 1084 forsitan
1650 1039 1698 1083 et
1724 1035 1782 1083 de
1810 1036 1950 1084 nobis

282 1120 571 1169 credidistis.

217 1230 271 1258 10,
350 1203 574 1251 Infantes
620 1219 765 1266 penes
812 1201 1032 1250 Africam
1081 1201 1296 1250 Saturno
1354 1199 1734 1248 immolabantur
1791 1200 1952 1263 palam

282 1302 433 1348 usque
449 1285 512 1333 ad
526 1284 925 1348 proconsulatum
945 1284 1139 1341 Tiberii,
1161 1283 1247 1347 qui
1269 1283 1399 1347 ipsos
1418 1284 1686 1332 sacerdotes
1705 1283 1757 1330 in
1774 1283 1952 1331 eisdem

282 1367 536 1415 arboribus
553 1366 726 1430 templi
743 1366 817 1414 sui
826 1366 1264 1414 obumbratricibus
1283 1366 1705 1415 scelerumvotivis
1726 1366 1951 1413 crucibus

284 1450 521 1513 exposuit,
547 1453 673 1497 teste
709 1448 889 1496 militia
918 1449 1106 1512 patriae
1130 1455 1323 1498 nostrae
1348 1467 1470 1513 quae
1502 1449 1554 1496 id
1579 1449 1739 1512 ipsum
1772 1465 1950 1496 munus

283 1533 359 1580 illi
376 1532 654 1596 proconsuli
677 1533 846 1580 functa
870 1537 958 1581 est.
1032 1531 1128 1581 Sed
1152 1535 1200 1579 et
1225 1549 1354 1580 nunc
1380 1532 1430 1578 in
1457 1532 1647 1579 occulto
1672 1535 1954 1594 perseverat

218 1636 264 1677 15
283 1617 373 1664 hoc
410 1632 596 1664 sacrum
631 1615 832 1662 facinus.
917 1614 1031 1663 Non
1067 1614 1156 1662 soli
1190 1631 1276 1664 vos
1312 1618 1628 1661 contemnunt
1666 1612 1950 1672 Christiani,

281 1716 368 1746 nec
403 1699 561 1746 ullum
598 1698 752 1747 scelus
786 1697 838 1744 in
874 1701 1167 1761 perpetuum
1203 1696 1492 1754 eradicatur,
1529 1700 1615 1744 aut
1650 1713 1806 1743 mores
1843 1713 1952 1744 suos

280 1781 457 1843 aliquis
498 1781 615 1828 deus
654 1782 824 1827 mutat.
899 1778 1027 1826 Cum
1062 1779 1270 1842 propriis
1308 1778 1424 1826 filiis
1468 1778 1704 1828 Saturnus
1738 1795 1836 1824 non
1870 1795 1951 1841 pe-

282 1863 448 1927 percit,
498 1861 739 1910 extraneis
781 1861 954 1925 utique
1001 1878 1098 1908 non
1140 1861 1381 1924 parcendo
1422 1861 1780 1924 perseverabat,
1832 1875 1952 1922 quos

283 1946 479 2010 quidem
525 1944 621 2007 ipsi
668 1948 895 2006 parentes
944 1943 1021 1992 sui
1069 1943 1351 2002 offerebant,
1392 1948 1442 1991 et
1499 1944 1706 1993 libentes
1755 1961 1951 2006 respon-

217 2044 268 2071 20
284 2029 476 2087 debant,
514 2031 564 2075 et
601 2026 867 2074 infantibus
907 2026 1301 2084 blandiebantur,
1341 2043 1407 2073 ne⁴
1443 2026 1748 2075 lacrimantes
1783 2027 1950 2075 immo-

282 2112 514 2158 larentur.
588 2109 656 2157 Et
690 2114 854 2156 tamen
888 2109 1099 2156 multum
1133 2108 1393 2156 homicidio
1427 2109 1748 2171 parricidium
1772 2110 1950 2158 differt.

340 2232 375 2260 1.
407 2222 670 2259 sustinent:
702 2221 712 2239 ‘
731 2219 832 2258 bear
851 2233 907 2270 up
923 2216 933 2235 ⁹
953 2219 1088 2258 under
1115 2219 1189 2258 the
1219 2217 1347 2258 shock
1376 2218 1421 2256 of
1435 2219 1509 2258 the
1530 2219 1759 2271 discovery.
1815 2219 1951 2260 Susti-

280 2297 379 2323 nere
397 2283 474 2322 has
489 2282 562 2321 the
583 2293 700 2320 sense
720 2281 766 2319 of
783 2283 792 2300 ‘
811 2281 985 2332 bearing
1003 2279 1137 2330 with,'
1159 2282 1169 2301 ‘
1182 2282 1354 2332 putting
1373 2294 1428 2331 up
1448 2279 1581 2329 with,'
1602 2282 1665 2320 ch.
1691 2295 1710 2320 2
1718 2295 1738 2332 5
1759 2295 1767 2329 ;
1798 2282 1881 2321 and
1894 2283 1951 2321 ad

281 2360 404 2385 uxor.
435 2346 477 2384 ii.
507 2355 528 2395 5
549 2345 726 2396 passim.
784 2343 829 2382 It
857 2343 944 2382 will
972 2343 1025 2382 be
1053 2343 1183 2382 found
1201 2342 1308 2382 with
1336 2345 1452 2394 quite
1479 2344 1655 2384 another
1683 2346 1880 2397 meaning
1907 2346 1952 2384 in

281 2409 345 2448 ch.
368 2420 390 2457 3
397 2418 431 2458 5,
454 2407 593 2446 where
613 2419 680 2444 see
699 2409 810 2444 note.

344 2481 406 2507 11.
433 2480 579 2514 usque
601 2470 659 2506 ad
674 2469 1060 2513 proconsulatum
1083 2469 1267 2506 Tiberii
1286 2480 1294 2507 :
1327 2472 1336 2489 ‘
1352 2466 1474 2506 down
1488 2470 1532 2505 to
1547 2467 1622 2506 the
1637 2467 1740 2507 time
1756 2468 1802 2507 of
1816 2482 1841 2507 a
1859 2482 1951 2520 pro-

283 2530 426 2570 consul
446 2530 581 2568 under
599 2529 792 2568 Tiberius
810 2527 820 2545 '
836 2541 845 2566 τ
878 2542 921 2567 so
940 2529 1014 2568 the
1035 2530 1279 2580 expression
1302 2529 1338 2568 is
1357 2529 1576 2582 generally
1597 2530 1817 2580 explained
1834 2543 1844 2578 3
1873 2530 1951 2570 but

286 2606 353 2631 see
373 2592 606 2643 D'ollinger,
635 2591 758 2630 Geni.
780 2591 868 2630 and
887 2591 980 2629 Jew
1001 2591 1028 2629 i.
1050 2592 1145 2642 488,
1165 2591 1260 2630 who
1283 2591 1428 2631 thinks
1448 2591 1543 2630 that
1571 2591 1690 2631 there
1713 2592 1847 2644 really
1865 2606 1951 2631 was

286 2668 311 2692 a
331 2653 549 2704 proconsul
569 2653 760 2692 Tiberius
781 2653 827 2691 in
846 2653 920 2691 the
941 2653 1091 2692 second
1111 2656 1300 2704 century.
1359 2653 1413 2692 In
1440 2653 1536 2692 that
1565 2667 1657 2692 case
1686 2653 1847 2693 militia
1869 2666 1950 2703 pa—

286 2716 399 2755 triae
419 2718 590 2755 nostrae
609 2728 707 2767 may
727 2715 897 2754 contain
918 2729 942 2754 a
962 2715 1172 2754 reference
1199 2719 1244 2754 to
1272 2715 1345 2754 the
1375 2715 1549 2754 soldiers
1578 2716 1710 2754 under
1739 2716 1812 2755 the
1840 2729 1947 2755 com-

285 2778 413 2817 mand
434 2778 479 2816 of
493 2775 742 2816 Tertullian'
746 2790 763 2816 s
782 2777 937 2825 father,
960 2777 1034 2816 the
1052 2777 1321 2828 proconsular
1341 2778 1574 2817 centurion.

345 2851 407 2878 20.
437 2851 497 2878 ne
513 2842 826 2888 lacrimantes,
841 2839 977 2879 which
992 2839 1132 2879 would
1150 2839 1202 2878 be
1215 2839 1495 2890 inauspicious
1516 2852 1561 2878 as
1579 2839 1806 2879 indicative
1827 2839 1873 2878 of
1887 2853 1948 2878 re-

284 2901 490 2939 luctance.
545 2901 634 2939 The
663 2902 809 2940 victim
837 2905 950 2940 must
978 2903 1030 2941 be
1049 2902 1227 2952 willing,
1258 2915 1325 2940 see
1353 2901 1417 2940 ch.
1442 2902 1507 2949 28,
1538 2903 1549 2922 ‘
1568 2901 1734 2940 divinae
1761 2901 1822 2939 rei
1851 2901 1948 2939 faci·

285 2963 422 3001 undae
440 2962 573 3000 libens
594 2962 758 3002 animus
779 2964 986 3003 indicitur
1001 2961 1011 2980 '
1029 2976 1039 3013 ;
1071 2963 1128 3003 ad
1145 2961 1271 3014 Scap.
1297 2974 1333 3011 2,
1356 2966 1366 2985 ‘
1385 2963 1437 3002 ab
1456 2963 1604 3002 invitis
1625 2963 1736 3002 enim
1751 2962 1949 3002 sacrificia

289 3023 387 3076 [dii]
409 3036 494 3061 non
514 3023 809 3064 desiderabant
827 3025 910 3064 nisi
929 3024 1176 3064 contentiosi
1197 3022 1323 3064 sunt.'

345 3097 406 3124 21.
437 3087 744 3130 parricidium
762 3100 769 3124 ε
798 3085 897 3125 here
930 3086 1044 3135 used,
1077 3100 1122 3125 as
1156 3086 1202 3124 in
1236 3085 1329 3125 Liv.
1360 3086 1420 3125 iii.
1454 3097 1529 3136 503
1573 3085 1663 3125 viii.
1701 3097 1763 3133 11,
1798 3084 1843 3124 of
1877 3084 1949 3124 the

286 3154 455 3193 murder
484 3153 529 3192 of
553 3153 744 3192 children
773 3155 829 3206 by
847 3154 958 3193 their
986 3158 1169 3206 parents.
1227 3155 1369 3206 Comp.
1390 3155 1462 3194 the
1481 3168 1554 3194 use
1575 3155 1619 3193 of
1628 3153 1882 3204 parricidae
1902 3153 1946 3192 in

287 3216 350 3255 ch.
374 3227 437 3268 35..
