2154 3564
331 183 398 233 80
796 184 1128 236 Tertulliani
1163 183 1533 251 Apologelicus
1740 191 1859 243 [CAP.
1880 197 1918 233 X
1925 196 1961 233 X
1967 198 1995 234 1.

328 327 571 375 Caesares.
642 327 883 390 Discipuli
908 345 1102 391 quoque
1127 327 1289 375 diffusi
1321 345 1410 390 per
1435 329 1613 386 orbem,
1642 345 1702 375 ex
1733 332 1995 391 praecepto

327 409 548 472 magistri
572 410 666 457 Dei
689 415 972 473 paruerunt,
999 411 1085 473 qui
1119 416 1167 458 et
1199 410 1294 473 ipsi
1328 428 1357 458 a
1389 411 1420 458 J
1425 411 1590 459 udaeis
1623 411 1994 474 insequentibus

328 493 482 541 multa
516 493 744 556 perpessi,
777 493 948 556 utique
981 511 1070 556 pro
1103 493 1282 540 fiducia
1304 493 1528 540 veritatis
1562 493 1781 551 libenter,
1815 493 1995 540 Romae

327 580 570 639 postremo
610 593 697 639 per
743 576 953 623 Neronis
995 575 1266 632 saevit-iam,
1316 575 1601 637 sanguinem
1657 575 1994 622 Christianum

288 658 704 715 5seminaverunt.
808 657 904 706 Sed
957 656 1335 705 monstrabimus
1388 657 1528 705 vobis
1586 658 1787 705 idoneos
1845 661 1997 705 testes

329 740 526 799 Christi,
562 740 693 802 ipsos
730 740 837 787 illos
874 757 990 804 quos
1027 739 1256 788 adoratis.
1330 740 1542 787 Multum
1585 743 1673 797 est,
1712 740 1753 787 si
1796 756 1876 787 eos
1912 740 1996 786 ad-

327 823 519 870 hibeam
559 829 615 870 ut
657 823 867 870 credatis
910 822 1216 881 Christianis,
1260 827 1461 885 propter
1504 839 1623 884 quos
1663 838 1760 868 non
1802 821 1998 869 creditis

330 905 637 954 Christianis.

396 988 604 1035 Interim
639 987 717 1036 hic
753 994 826 1035 est
858 988 973 1035 ordo
1005 994 1196 1036 nostrae
1225 987 1568 1044 institutionis,
1594 987 1722 1035 hunc
1758 987 1998 1036 edidimus

264 1094 314 1123 10
328 1074 377 1118 et
413 1074 570 1119 sectae
606 1076 654 1118 et
689 1070 899 1118 nominis
936 1087 1136 1117 censum
1172 1087 1281 1117 cum
1316 1087 1403 1117 suo
1431 1076 1639 1117 auctore.
1710 1070 1866 1117 Nemo
1896 1070 1998 1133 jam

327 1153 574 1200 infamiam
616 1153 835 1210 incutiat,
876 1169 1017 1199 nemo
1059 1152 1195 1200 aliud
1236 1152 1498 1210 existimet,
1537 1151 1652 1215 quia
1688 1169 1775 1199 nec
1815 1152 1887 1199 fas
1926 1158 1999 1199 est

329 1235 419 1281 ulli
447 1236 505 1282 de
536 1253 623 1283 sua
654 1235 888 1296 religione
921 1234 1135 1282 mentiri.
1206 1235 1283 1281 Ex
1315 1252 1370 1281 eo
1402 1234 1545 1292 enim,
1574 1234 1704 1297 quod
1736 1234 1873 1281 aliud
1897 1252 1925 1282 a
1951 1252 1998 1282 se

330 1317 420 1365 coli
467 1317 599 1376 dicit,
644 1335 787 1380 quam
835 1317 964 1376 colit,
1012 1321 1159 1379 negat
1207 1317 1337 1380 quod
1384 1316 1514 1374 colit,
1563 1321 1613 1364 et
1662 1317 1902 1364 culturam
1950 1322 2000 1363 et

328 1400 555 1446 honorem
579 1399 632 1446 in
660 1399 870 1446 alterum
900 1400 1147 1458 transfert,
1175 1403 1224 1446 et
1252 1399 1589 1446 transferendo
1616 1399 1720 1461 jam
1753 1416 1850 1445 non
1884 1398 2000 1445 colit

266 1482 460 1552 15quod
500 1481 712 1543 negavit.
783 1480 1018 1539 Dicimus,
1064 1487 1113 1528 et
1155 1481 1317 1543 palam
1360 1480 1581 1541 dicimus,
1627 1486 1675 1528 et
1715 1481 1854 1528 vobis
1897 1486 1998 1528 tor-

331 1563 593 1628 quentibus
634 1564 835 1611 lacerati
877 1570 926 1611 et
968 1564 1159 1611 cruenti
1197 1564 1544 1611 vociferamur:
1601 1563 1760 1610 Deum
1802 1564 2000 1611 colimus

330 1665 419 1710 per
444 1646 709 1694 Christum.
781 1645 934 1693 Illum
962 1645 1204 1693 hominem
1232 1651 1418 1709 putate,
1445 1663 1534 1708 per
1557 1663 1668 1693 eum
1697 1650 1745 1693 et
1777 1646 1830 1692 in
1864 1663 1918 1694 eo
1952 1663 2000 1694 se

331 1729 553 1793 cognosci
578 1730 685 1776 vult
718 1729 850 1776 Deus
875 1734 922 1775 et
948 1728 1056 1776 coli.
1127 1729 1202 1776 Ut
1234 1732 1399 1775 autem
1430 1728 1634 1775 Judaeis
1669 1729 1999 1791 respondeam,

332 1817 381 1860 et
426 1811 522 1874 ipsi
570 1812 731 1858 Deum
773 1829 860 1874 per
911 1809 1197 1877 [hominem]
1241 1811 1442 1873 Moysen
1490 1811 1644 1859 colere
1694 1811 1999 1869 didicerunt,

267 1924 317 1952 20
332 1899 389 1942 ut
433 1894 631 1942 Graecis
679 1911 939 1953 occurram,
988 1893 1212 1956 Orpheus
1255 1893 1456 1952 Pieriae,
1499 1893 1730 1941 Musaeus
1772 1892 2001 1950 Athenis,

335 2089 446 2123 ever,
460 2075 512 2114 be
530 2074 690 2125 merely
710 2074 899 2125 drawing
920 2074 1132 2112 attention
1144 2078 1189 2112 to
1208 2075 1281 2112 the
1301 2074 1697 2125 irreconcileability
1715 2075 1760 2112 of
1775 2074 1848 2113 the
1869 2075 2001 2125 impe-

334 2138 413 2176 rial
432 2137 611 2189 position
631 2135 715 2174 and
734 2135 964 2184 character,
986 2136 1148 2186 though
1166 2136 1477 2186 indispensable
1497 2140 1541 2174 to
1560 2136 1633 2174 the
1655 2136 1853 2188 stability
1872 2136 1916 2174 of
1928 2136 2002 2174 the

337 2214 428 2252 age,
447 2200 553 2239 with
572 2198 646 2237 the
666 2197 880 2236 Christian
899 2197 1008 2236 saith
1032 2197 1299 2249 (Woodham,
1322 2200 1419 2236 note
1440 2197 1497 2235 ad
1520 2195 1636 2247 locu).

393 2277 431 2316 4.
460 2266 735 2310 sanguinem
759 2266 1078 2302 Christianum
1097 2265 1473 2302 seminaverunt:
1505 2274 1634 2313 comp.
1660 2261 1722 2301 ch.
1746 2273 1811 2312 50,
1834 2265 1845 2284 ‘
1860 2275 2002 2301 semen

339 2332 404 2368 est
423 2328 591 2379 sanguis
612 2323 971 2365 Christianorum.'

396 2401 432 2441 5.
464 2390 826 2429 monstrabimus
854 2390 1005 2428 vobis,
1061 2387 1300 2426 Tertullian
1329 2387 1500 2427 devotes
1530 2386 1603 2425 the
1634 2387 1755 2425 three
1784 2387 2002 2438 following

338 2453 531 2503 Chapters
551 2455 595 2490 to
619 2451 828 2501 adducing
847 2451 921 2489 the
939 2450 1169 2500 testimony
1188 2449 1233 2488 of
1247 2449 1321 2488 the
1342 2450 1538 2487 daemons
1559 2452 1603 2487 to
1624 2449 1778 2488 Christ.

395 2514 433 2553 6.
467 2516 676 2551 Multum
697 2516 781 2560 est,
805 2513 859 2550 si.
917 2515 927 2532 ‘
944 2511 989 2550 It
1008 2512 1042 2550 is
1063 2525 1088 2550 a
1106 2515 1226 2562 great
1246 2510 1365 2561 point
1383 2513 1430 2549 to
1450 2522 1551 2561 urge
1571 2509 1608 2547 if
1635 2539 1644 2549 .
1676 2540 1685 2548 .
1715 2508 1742 2549 .'

399 2584 435 2626 7.
469 2576 757 2614 Christianis.
816 2574 861 2611 If
894 2573 1130 2612 Christiani
1161 2573 1213 2612 be
1246 2572 1360 2621 read,
1389 2572 1463 2610 the
1496 2575 1648 2610 constr.
1684 2572 1719 2610 is
1757 2575 1802 2610 ut
1835 2570 2001 2622 [fiatis]

342 2637 582 2678 Christiani
604 2635 679 2687 [et]
703 2635 902 2675 credatis.

401 2710 463 2736 10.
494 2710 708 2737 censum:
740 2710 807 2735 see
828 2702 941 2746 note,
963 2697 1028 2736 ch.
1052 2705 1085 2747 7.

401 2771 462 2797 11.
494 2762 605 2805 quia
628 2772 714 2798 nee
740 2761 809 2798 fas
835 2764 916 2808 est,
941 2761 951 2780 ‘
967 2761 1080 2798 since
1107 2759 1143 2798 it
1167 2759 1202 2797 is
1227 2758 1272 2797 of
1295 2771 1439 2797 course
1468 2755 1753 2808 impossible':
1785 2761 1829 2795 to
1857 2757 1912 2796 lie
1940 2770 2002 2795 re-

344 2822 530 2872 specting
550 2821 661 2859 one’s
681 2821 858 2871 religion
877 2822 913 2859 is
933 2821 1161 2872 ipsofacto
1182 2824 1226 2859 to
1246 2833 1363 2859 cease
1382 2823 1427 2859 to
1446 2821 1599 2870 belong
1619 2823 1663 2857 to
1682 2818 1728 2857 it.

403 2894 464 2921 20.
497 2885 710 2927 Orpheus
732 2884 929 2922 Pieriae.
986 2882 1114 2921 After
1131 2882 1195 2920 his
1216 2885 1363 2920 return
1381 2881 1488 2919 from
1508 2881 1581 2919 the
1602 2879 1861 2931 Argonautie
1882 2893 2001 2930 expe-

344 2943 481 2982 dition
501 2943 705 2993 Orpheus,
727 2944 947 2995 according
967 2947 1011 2982 to
1031 2943 1104 2982 the
1132 2943 1269 2994 myth,
1291 2943 1446 2981 settled
1475 2943 1520 2981 in
1549 2942 1701 2986 Pieria,
1731 2954 1756 2979 a
1784 2941 1930 2991 region
1959 2939 2006 2978 of

347 3004 611 3051 Macedonia,
632 3005 715 3042 and
735 3005 888 3055 taught
906 3005 980 3044 the
999 3004 1260 3043 inhabitants
1282 3004 1353 3042 the
1373 3008 1460 3043 arts
1480 3003 1525 3042 of
1541 3002 1806 3041 civilization.

456 3067 678 3103 Musaeus
698 3068 924 3106 Athenis:
955 3080 980 3104 a
1000 3065 1351 3116 semi-legendary
1370 3066 1508 3104 Greek
1529 3068 1626 3116 poet
1656 3064 1701 3102 of
1725 3063 1798 3101 the
1828 3063 1932 3101 time
1961 3062 2006 3101 of

347 3126 549 3177 Orpheus,
571 3126 708 3165 whose
729 3128 1017 3177 compositions
1037 3127 1202 3166 treated
1223 3127 1267 3165 of
1282 3127 1355 3166 the
1374 3128 1524 3178 mystic
1543 3126 1645 3164 rites
1667 3125 1712 3163 of
1726 3124 1936 3174 Dionysus
1956 3130 2001 3162 at
2021 3120 2026 3125 ’

348 3188 515 3227 Eleusis
532 3200 543 3236 ;
572 3188 716 3228 Cicero
736 3188 784 3227 de
804 3191 893 3227 ucat.
915 3188 1027 3228 deor.
1047 3189 1073 3227 i.
1100 3199 1160 3238 15.
1184 3199 1250 3238 41.
