2154 3564
178 216 275 253 CAP.
292 208 405 262 V11.]
497 199 757 253 adversus
801 199 992 251 Gentes
1016 208 1122 266 pro
1167 199 1513 252 Christianis.
1775 216 1840 268 29

171 346 492 409 provinciam,
540 349 618 392 et:
681 344 787 391 Hoc
825 344 1015 407 factum
1064 351 1128 390 est
1180 343 1371 389 Romae.
1456 342 1621 400 Fama,
1670 359 1843 390 nomen

175 427 363 486 incerti,
399 426 556 473 locum
592 442 688 472 non
724 426 884 483 habet,
923 424 1007 472 ubi
1043 427 1231 471 certum
1266 428 1354 471 est.
1424 421 1502 469 An
1538 440 1650 472 vero
1689 424 1843 471 famae

176 509 357 566 credat,
404 507 498 554 nisi
540 507 959 554 inconsideratus?
1031 505 1129 565 Qui
1175 509 1248 553 est
1296 504 1499 568 sapiens,
1547 522 1644 551 non
1690 505 1843 553 credit

173 590 376 637 incerto.
455 589 686 636 Omnium
725 593 798 637 est
838 588 1105 646 aestimare,
1144 592 1531 649 quantacumque
1566 586 1653 634 illa
1691 588 1842 635 ambi-

173 672 308 720 tione
357 670 528 718 diffusa
576 671 653 729 sit,
702 675 1091 734 quantacumque
1144 668 1497 717 asseveratione
1550 672 1840 717 constructa.
1861 692 1882 732 5

176 753 320 814 Quod
366 754 425 800 ab
473 770 569 801 uno
616 752 878 815 aliquando
924 750 1146 814 principe
1193 756 1361 799 exorta
1408 750 1485 809 sit,
1531 767 1722 798 necesse
1771 757 1843 799 est

174 836 347 884 exinde
393 835 446 882 in
492 836 718 883 traduces
766 834 1049 896 linguarum
1090 837 1140 881 et
1179 833 1374 882 aurium
1420 838 1594 896 serpat.
1664 834 1731 881 Et
1772 834 1843 882 ita

174 918 348 966 modici
396 917 592 966 seminis
639 917 824 972 vitium,
863 920 1022 964 cetera
1068 915 1274 963 rumoris
1318 916 1556 973 obscurat,
1598 919 1656 962 ut
1703 932 1842 963 nemo

174 1000 423 1063 recogitet,
450 1017 510 1047 ne
539 999 752 1063 primum
775 998 903 1045 illud
936 1015 987 1045 os
1021 997 1326 1045 mendacium
1363 997 1686 1054 seminaverit,
1713 999 1842 1059 quod

175 1100 313 1146 saepe
348 1082 407 1129 fit
441 1087 526 1129 aut
560 1081 752 1144 ingenio
788 1080 1136 1137 aemulationis,
1174 1084 1262 1128 aut
1297 1079 1498 1127 arbitrio
1538 1079 1838 1142 suspicionis,
1861 1104 1910 1131 10

175 1170 261 1213 aut
296 1181 393 1212 non
428 1181 567 1222 nova,
596 1163 680 1210 sed
714 1162 934 1225 ingenita
959 1162 1250 1225 quibusdam
1286 1161 1551 1209 mentiendi
1574 1161 1839 1224 voluptate.

173 1246 307 1294 Bene
355 1250 536 1304 autem,
585 1245 713 1309 quod
760 1244 922 1293 omnia
967 1249 1162 1307 tempus
1208 1244 1392 1292 revelat
1438 1243 1645 1292 testibus
1693 1243 1838 1291 etiam

174 1328 349 1377 vestris
384 1328 654 1391 proverbiis
689 1332 838 1389 atque
874 1326 1146 1385 sententiis,
1172 1343 1233 1374 ex
1269 1325 1585 1389 dispositione
1621 1330 1837 1385 naturae,

174 1427 296 1473 quae
325 1410 396 1457 ita
420 1409 682 1468 ordinavit,
708 1413 767 1456 ut
794 1409 918 1455 nihil
943 1408 1028 1456 diu
1056 1409 1220 1466 lateat,
1247 1408 1394 1456 etiam
1419 1409 1546 1471 quod
1581 1409 1710 1456 fama
1744 1425 1841 1455 non

173 1493 381 1540 distulit.
452 1492 633 1540 Merito
668 1491 824 1554 igitur
860 1492 989 1538 fama
1014 1491 1202 1539 tamdiu
1229 1491 1417 1548 conscia
1453 1491 1552 1538 sola
1589 1494 1661 1538 est
1698 1491 1839 1538 scele-
1859 1509 1905 1550 15

173 1592 283 1622 rum
316 1574 722 1623 Christianorum.
793 1574 935 1621 Hanc
971 1572 1182 1620 indicem
1213 1573 1446 1620 adversus
1481 1589 1567 1619 nos
1602 1572 1839 1635 profertis,

175 1675 313 1721 quae,
351 1658 482 1720 quod
517 1657 779 1719 aliquando
811 1656 1019 1718 jactavit
1056 1659 1292 1718 tantoque
1327 1655 1557 1718 temporis
1596 1655 1753 1717 spatio
1790 1655 1843 1702 in

174 1739 451 1803 opinionem
476 1738 820 1797 corroboravit,
848 1755 1001 1801 usque
1025 1737 1181 1785 adhuc
1206 1737 1412 1800 probare
1438 1754 1534 1784 non
1558 1738 1730 1785 valuit.

227 1912 265 1951 4.
298 1901 521 1939 Omnium
540 1903 612 1938 est
632 1901 879 1938 aestimare
900 1911 909 1937 ε
940 1899 953 1920 ‘
969 1897 1151 1949 Anyone
1170 1910 1249 1937 can
1267 1897 1395 1949 judge
1415 1897 1502 1936 this
1524 1927 1532 1935 .
1555 1927 1563 1936 .
1591 1927 1601 1936 .
1623 1895 1633 1912 '

281 1964 551 2001 ambitione.
614 1961 690 2000 See
709 1965 822 2008 note,
845 1960 908 1999 oh.
934 1959 977 1998 6..

227 2023 264 2062 6.
296 2026 436 2069 Quod
461 2027 518 2062 ab
542 2036 638 2062 uno
666 2025 921 2069 aliquando
952 2023 1180 2068 principe.
1242 2020 1306 2058 ‘A
1332 2021 1419 2060 tale
1449 2020 1586 2059 which
1614 2020 1690 2060 has
1721 2021 1843 2072 origi-

172 2085 301 2124 nated
320 2098 431 2124 some
451 2086 553 2123 time
574 2099 619 2123 or
640 2085 761 2123 other
780 2084 885 2123 with
904 2098 929 2122 a
949 2084 1084 2135 single
1105 2082 1324 2134 authority
1343 2083 1379 2121 is
1406 2082 1548 2122 bound
1567 2086 1611 2121 to
1630 2083 1843 2122 insinuate

169 2147 291 2187 itself
305 2148 396 2186 into
416 2147 488 2186 the
506 2147 784 2198 propagating
803 2146 1001 2185 channels
1022 2145 1066 2184 of
1080 2148 1257 2196 tongues
1277 2144 1362 2184 and
1382 2157 1472 2183 ears
1489 2141 1499 2161 '
1512 2157 1524 2194 3
1553 2144 1618 2183 for
1633 2145 1840 2193 traduces,

170 2221 180 2236 ⁶
196 2209 488 2259 transmitting
507 2206 726 2260 agencies,'
746 2221 813 2246 see
833 2211 944 2256 note,
969 2206 1032 2246 ch.
1054 2218 1091 2259 9.

229 2278 265 2321 7.
297 2273 359 2309 Et
379 2273 448 2309 ita
466 2273 642 2309 modici
664 2272 859 2308 seminis
879 2271 1065 2308 vitium.
1117 2269 1129 2289 ‘
1142 2267 1248 2307 And
1261 2281 1285 2306 a
1300 2267 1396 2306 fiaw
1411 2267 1457 2305 in
1472 2266 1545 2306 the
1560 2266 1843 2318 insignificant

171 2345 315 2371 source
335 2345 378 2370 so
399 2333 588 2371 obscures
609 2332 683 2371 the
709 2335 796 2370 rest
822 2331 867 2369 of
887 2331 960 2370 the
986 2334 1131 2382 repert
1164 2329 1261 2368 that
1291 2331 1332 2368 it.
1352 2342 1480 2368 never
1507 2329 1659 2367 strikes
1682 2342 1843 2381 anyone

170 2393 361 2432 whether
388 2393 461 2432 the
489 2394 582 2432 first
610 2394 690 2444 lips
711 2393 784 2432 did
803 2397 877 2432 not
908 2393 1116 2443 originate
1137 2405 1162 2430 a
1185 2390 1415 2439 falsehood,
1436 2403 1482 2429 as
1509 2390 1625 2429 often
1652 2390 1842 2441 happens

172 2456 308 2494 either
326 2455 433 2494 from
454 2469 478 2493 a
503 2455 662 2507 jealous
691 2455 966 2505 imagination
987 2468 1034 2493 or
1052 2453 1284 2493 whimsical
1313 2452 1539 2503 suspicion,
1567 2466 1612 2490 or
1634 2452 1740 2490 from
1769 2453 1843 2495 the

172 2530 285 2555 mere
303 2517 397 2555 love
417 2516 461 2555 of
475 2516 609 2567 lying,
629 2516 769 2557 which
788 2516 823 2554 is
851 2516 897 2554 in
925 2529 1038 2555 some
1061 2528 1230 2567 persons
1253 2518 1328 2553 not
1358 2527 1413 2553 an
1442 2512 1744 2564 acquirement,
1764 2514 1842 2553 but

172 2575 346 2617 innate.'

231 2650 292 2677 12.
323 2641 481 2678 omnia
514 2643 699 2685 tempus
738 2641 929 2678 revelat.
1005 2638 1048 2677 A
1085 2637 1355 2677 well-known
1392 2635 1594 2687 proverb;
1641 2636 1728 2674 like
1767 2636 1840 2675 the

173 2700 351 2751 English
374 2704 385 2721 ‘
400 2701 519 2739 Time
539 2701 681 2752 try-eth
701 2698 861 2740 Troth.'
905 2701 1047 2751 Comp.
1072 2699 1145 2738 the
1161 2699 1321 2737 dictum
1336 2697 1380 2735 of
1392 2697 1559 2745 Seneca,
1584 2697 1840 2737 ‘Veritatem

174 2762 262 2800 dies
291 2759 470 2812 aperit'3
501 2762 586 2800 and
616 2763 689 2801 the
722 2763 863 2802 Greek
894 2762 1073 2813 proverb
1106 2758 1250 2809 χρόνος
1278 2756 1436 2797 πάντων
1461 2757 1726 2808 βασανιστής.
1785 2759 1839 2798 So

173 2823 308 2862 Truth
327 2824 361 2862 is
381 2824 617 2862 sometimes
638 2824 796 2874 spoken
817 2823 860 2862 of
879 2837 923 2862 as
942 2823 1016 2862 the
1033 2822 1254 2872 Daughter
1274 2820 1319 2859 of
1333 2821 1462 2859 Time.

230 2893 294 2936 17.
321 2887 374 2924 in
395 2886 683 2934 opinionem,
707 2886 823 2923 ‘into
843 2898 867 2923 a
887 2884 1056 2935 general
1085 2880 1239 2936 belief..'
1278 2882 1593 2921 Demonstratio
1613 2882 1649 2921 is
1670 2882 1840 2921 wanted

171 2950 217 2985 to
236 2950 408 2985 convert
423 2959 567 2984 rumor
586 2947 675 2986 into
682 2947 868 2997 factum,
890 2949 963 2998 yet
982 2945 1179 2984 iteration
1199 2943 1283 2983 and
1302 2944 1405 2984 time
1418 2943 1525 2983 have
1538 2943 1839 2995 strengthened

175 3021 316 3048 rumor
337 3009 427 3047 into
448 3007 608 3060 opinio.
