2154 3564
207 218 306 257 Cu.
328 210 470 263 XLV.]
545 201 807 254 adversus
850 201 1041 254 Gem‘es
1065 207 1172 267 pro
1217 199 1563 253 Christianis.
1767 216 1863 268 133

205 345 446 393 timendae
471 344 587 392 estis
611 343 896 406 disciplinae
924 343 987 390 ad
1009 341 1308 389 innocentiae
1331 342 1599 390 veritatem.
1672 343 1867 403 Quanta

205 433 280 475 est
303 426 564 490 prudentia
595 426 805 473 hominis
829 427 891 473 ad
915 424 1344 472 demonstrandum
1369 423 1487 486 quid
1510 440 1624 471 vere
1654 424 1865 471 bonum?

206 513 389 570 quanta
413 507 677 555 auctoritas
702 508 763 554 ad
787 507 1109 569 exigendum?
1146 510 1248 553 tam
1278 504 1365 552 illa
1397 504 1502 552 falli
1525 505 1695 564 facilis,
1721 523 1865 568 quam

205 590 302 637 ista
337 590 589 637 contemni.
661 590 826 652 Atque
863 590 978 636 adeo
1015 587 1134 650 quid
1168 586 1359 649 plenius
1394 586 1580 633 dictum
1615 591 1719 635 est:
1770 605 1863 635 non

205 671 404 731 occides,
443 689 506 719 an
551 688 698 720 vero:
754 689 814 719 ne
862 669 1085 719 irascaris
1133 668 1361 731 quidem?
1433 667 1565 727 Quid
1607 669 1904 731 perfectius5

203 753 459 814 prohibere
496 753 803 810 adulterium,
841 770 903 800 an
938 752 1086 799 etiam
1121 751 1182 796 ab
1217 750 1463 797 oculorum
1499 749 1722 798 solitaria
1756 768 1865 798 con-

204 834 501 896 cupiscentia
535 838 731 883 arcere‘.l
802 834 935 895 Quid
969 832 1211 880 eruditius
1246 832 1304 879 de
1341 831 1587 891 maleficio,
1625 849 1688 879 an
1722 838 1773 880 et
1808 832 1866 880 de

205 916 492 980 maleloquio
538 917 865 964 interdicere?
953 915 1085 975 Quid
1136 914 1439 971 instructius,
1489 914 1717 975 injuriam
1769 932 1866 961 non

203 998 499 1060 permittere,
524 1016 585 1046 an
609 1015 695 1045 nec
719 997 870 1044 vicem
893 996 1105 1058 injuriae
1140 996 1330 1042 sinere‘.l
1367 995 1482 1041 dum
1508 999 1671 1043 tamen
1707 997 1866 1044 sciatis

202 1080 330 1143 ipsas
371 1097 559 1143 quoque
600 1081 731 1141 leges
766 1084 962 1136 vestras,
1005 1094 1127 1139 quae
1167 1077 1398 1124 videntur
1440 1077 1500 1123 ad
1540 1076 1867 1125 innocentiam
1886 1099 1934 1125 10

203 1178 415 1225 pergere,
459 1163 516 1209 de
564 1161 730 1210 divina
775 1161 881 1223 lege
927 1166 984 1207 ut
1031 1158 1305 1221 antiquiore
1353 1159 1556 1206 formam
1604 1165 1865 1207 mutuatas

203 1243 429 1291 Diximus
460 1246 559 1305 jam
585 1245 643 1290 de
669 1243 817 1290 Mosis
842 1241 1013 1290 aetate.
1087 1240 1183 1289 Sed
1208 1245 1387 1302 quanta
1413 1240 1679 1288 auctoritas
1703 1242 1865 1305 legum

201 1326 533 1384 humanarum,
579 1343 728 1388 quum
775 1325 885 1372 illas
931 1329 981 1371 et
1027 1324 1230 1371 evadere
1277 1322 1461 1369 homini
1509 1323 1774 1386 contingat,
1818 1330 1866 1371 et

200 1409 484 1471 plerumque
520 1409 568 1455 in
606 1408 825 1455 admissis
862 1408 1155 1464 delitescere,
1183 1411 1231 1453 et
1267 1404 1526 1468 aliquando
1563 1409 1867 1454 contemnere

202 1508 264 1537 ex
303 1491 555 1538 voluntate
591 1491 669 1538 vel
710 1489 992 1537 necessitate
1037 1487 1366 1550 delinquendi,
1410 1487 1678 1550 recogitata
1720 1489 1867 1536 etiam
1886 1508 1931 1546 15

201 1572 440 1620 brevitate
477 1572 705 1635 supplicii
742 1572 1012 1633 cujuslibet,
1052 1587 1150 1617 non
1185 1574 1347 1616 tamen
1383 1569 1513 1616 ultra
1548 1574 1751 1617 mortem
1792 1588 1865 1618 re—

203 1654 450 1702 mansuri‘ss
523 1654 602 1702 Sic
645 1660 692 1701 et
733 1654 976 1716 Epicurus
1017 1669 1200 1699 omnem
1246 1650 1513 1698 cruciatum
1561 1652 1867 1715 doloremque

202 1736 454 1798 depretiat,
494 1736 739 1783 modicum
787 1736 982 1798 quidem
1030 1733 1445 1795 contemptibilem
1493 1735 1866 1795 pronuntiando,

202 1835 432 1881 magnum
455 1835 567 1866 vero
604 1835 701 1865 non
737 1818 1038 1865 diuturnum.
1111 1816 1372 1863 Enimvero
1409 1832 1496 1862 nos
1532 1816 1617 1878 qui
1652 1817 1739 1863 sub
1766 1817 1867 1864 Deo

203 1900 419 1947 omnium
458 1900 757 1962 speculatore
800 1899 1157 1961 dispungimur,
1199 1898 1379 1960 quique
1421 1902 1666 1945 aeternam
1709 1899 1770 1944 ab
1812 1915 1866 1945 eo
1885 1921 1935 1946 20

202 1999 403 2044 poenam
439 1981 760 2044 providemus,
798 1981 972 2027 merito
1010 1980 1101 2028 soli
1135 1979 1442 2027 innocentiae
1479 1979 1788 2038 occurrimus,
1818 1984 1865 2027 et

202 2081 290 2127 pro
327 2063 554 2112 scientiae
589 2063 911 2127 plenitudine,
947 2067 996 2110 et
1031 2080 1119 2126 pro
1155 2063 1449 2110 latebrarum
1486 2062 1784 2119 difficultate,
1816 2070 1863 2109 et

261 2207 322 2235 12.
356 2197 573 2233 Diximus
591 2197 688 2240 jam
707 2197 764 2233 de
786 2197 935 2233 Mosis
958 2198 1121 2233 aetate.
1180 2194 1256 2232 Oh.
1283 2204 1342 2245 19.

260 2268 322 2306 13.
355 2260 609 2303 contingat.
670 2256 747 2295 See
766 2261 878 2305 note,
898 2256 961 2295 ch.
984 2267 1033 2306 19
1040 2257 1164 2307 fraq.

261 2326 323 2368 17.
354 2321 587 2364 Epicurus
606 2330 792 2356 omnem
811 2321 1084 2357 cruciatum.
1124 2317 1264 2369 Comp.
1280 2317 1435 2356 Seneca
1450 2316 1560 2367 Epp.
1579 2328 1619 2368 9,
1632 2315 1698 2366 66,
1719 2318 1728 2336 ¹
1744 2315 1864 2354 dulce

203 2384 267 2418 est
288 2380 471 2431 torqueri
484 2378 495 2396 ’
510 2393 520 2427 ;
549 2379 769 2418 Lucretius
788 2379 846 2418 iii.
872 2380 951 2430 879
972 2379 1015 2418 ff.
1037 2393 1046 2417 z

396 2454 535 2494 ‘Scire
562 2456 664 2493 licet
693 2455 813 2493 nobis
843 2454 952 2492 nihil
981 2467 1070 2492 esse
1099 2454 1144 2491 in
1172 2457 1306 2492 morte
1334 2453 1596 2491 timendum:

421 2517 514 2555 Nec
540 2517 737 2555 miserum
765 2516 869 2565 fieri,
900 2516 973 2567 qui
1004 2528 1090 2553 non
1119 2519 1182 2553 est
1210 2528 1352 2565 posse:
1384 2527 1520 2564 neque
1547 2514 1681 2551 hilum

420 2576 613 2624 Differre,
646 2590 701 2615 an
729 2577 848 2615 nullo
876 2576 1004 2615 fuerit
1032 2577 1118 2627 jam
1146 2581 1332 2626 tempore
1361 2580 1500 2622 natus,

421 2639 648 2677 Mortalem
675 2639 809 2677 vitam
837 2651 946 2676 mors
978 2638 1046 2676 cui
1075 2637 1323 2675 immortalis
1353 2634 1538 2675 ademit.’

265 2729 278 2756 1
289 2719 325 2757 8.
357 2720 588 2763 depretiat
605 2730 613 2755 :
637 2720 646 2738 ‘
662 2714 940 2767 disregards'3
971 2730 996 2754 a
1014 2716 1248 2767 post-class.
1268 2714 1384 2753 word
1398 2714 1528 2752 found
1542 2714 1589 2751 in
1603 2714 1676 2752 the
1693 2714 1862 2765 Digests

204 2775 252 2819 in
280 2781 335 2819 its
362 2780 505 2818 literal
535 2779 839 2830 signification3
868 2778 1217 2828 metaphorically
1236 2789 1280 2815 as
1304 2776 1416 2824 here,
1441 2779 1450 2796 ‘
1464 2779 1507 2814 to
1526 2776 1648 2814 make
1666 2775 1775 2827 light
1794 2774 1862 2822 of‚’

205 2843 347 2882 Sidon.
371 2842 495 2892 Apol.
517 2841 629 2892 Epp.
651 2841 694 2879 ii.
720 2852 780 2879 10.

264 2916 326 2942 20.
357 2906 566 2942 omnium
585 2904 875 2947 speculatore
895 2915 905 2939 ε
935 2902 945 2921 ‘
961 2900 1070 2938 Who
1091 2899 1334 2938 scrutinizes
1353 2898 1411 2936 all
1431 2896 1598 2949 things.'

313 2967 669 3010 dispungimur:
700 2966 786 3001 ‘we
811 2962 905 3000 who
931 2975 1000 3000 are
1029 2958 1249 3012 Weighed,'
1270 2959 1509 3007 estimated,
1529 2959 1659 2998 taken
1688 2964 1863 2998 account

205 3027 271 3073 of;
301 3039 367 3064 see
394 3029 493 3064 note
522 3038 576 3064 on
604 3025 853 3075 dispunctio,
875 3023 937 3061 ch.
964 3024 1039 3069 183
1068 3022 1152 3060 and
1180 3035 1310 3071 comp.
1343 3021 1437 3059 adv.
1461 3021 1603 3059 Mare.
1624 3021 1679 3060 iv.
1710 3030 1772 3072 17,
1794 3023 1804 3040 ‘
1821 3020 1863 3059 Si

207 3102 233 3127 a
251 3089 457 3134 Creatore,
482 3091 530 3126 ut
551 3100 575 3124 a
592 3086 729 3138 judice
749 3089 791 3123 et
812 3085 1075 3135 dispunctore
1095 3081 1368 3132 meritorum,’
1392 3087 1463 3122 etc.

265 3161 327 3190 21.
358 3152 654 3189 occurrimus.
713 3148 854 3198 Comp.
875 3147 948 3186 the
973 3159 1045 3185 use
1075 3145 1119 3185 of
1139 3145 1223 3184 this
1243 3145 1346 3184 verb
1374 3145 1419 3183 in
1438 3145 1511 3184 the
1530 3145 1658 3195 Vulg.
1676 3144 1782 3195 Eph.
1803 3144 1858 3182 iv.

210 3221 285 3260 133
314 3211 423 3250 Phil.
447 3211 507 3249 iii.
533 3221 594 3249 11.
1626 3214 1646 3230 ‘
