2154 3564
230 208 294 259 28
671 209 1003 265 Tertulliani
1037 211 1088 262 Α
1084 213 1410 280 pologetz'cus
1674 221 1892 274 [CARVII.

226 348 398 409 dimur,
418 349 470 397 in
494 350 610 414 ipsis
634 352 902 415 plurimum
926 353 1141 402 coetibus
1160 357 1210 401 et
1234 351 1688 416 congregationibus
1712 353 1892 402 nostris

224 432 555 494 opprimimur.
629 435 750 496 Quis
787 453 1003 499 unquam
1040 436 1208 485 taliter
1244 436 1463 500 vagienti
1503 437 1682 485 infanti
1724 454 1892 501 super-

221 514 389 562 venit?
463 516 583 576 Quis
619 522 833 577 cruenta,
871 523 928 566 ut
968 519 1236 578 invenerat,
1275 519 1543 582 Cyclopum
1580 524 1629 568 et
1667 518 1892 567 Sirenum

223 612 306 643 ora
325 597 478 658 judici
502 599 770 647 reseravit?
842 600 963 661 Quis
987 602 1063 649 vel
1093 601 1146 648 in
1177 601 1413 649 uxoribus
1444 601 1607 665 aliqua
1641 601 1892 648 immunda

178 693 200 732 5
221 679 428 742 vestigia
464 681 814 745 deprehendit?
886 682 1006 743 Quis
1047 683 1168 732 talia
1202 683 1429 742 facinora,
1466 702 1576 732 611111
1609 683 1891 742 invenisset,

221 760 410 821 celavit,
460 767 548 811 aut
593 764 815 813 vendidit
861 764 992 828 ipsos
1038 766 1236 814 trahens
1283 766 1513 814 homines.
1600 766 1655 815 Si
1704 781 1893 829 semper

218 841 440 904 latemus,
483 846 675 908 quando
716 846 967 909 proditum
1008 852 1082 896 est
1123 849 1253 911 quod
1299 848 1638 896 admittimus'ss
1710 847 1819 896 Imo
1862 865 1891 895 a

220 924 395 986 quibus
429 927 569 989 prodi
600 929 801 991 potuit?
871 929 951 977 Ab
987 930 1105 994 ipsis
1141 931 1270 978 enim
1305 931 1400 978 reis
1437 948 1534 978 non
1569 930 1753 993 utique,
1781 947 1892 977 cum

218 1007 296 1053 vel
342 1025 403 1055 ex
449 1009 602 1057 forma
650 1011 875 1059 omnibus
933 1013 1176 1074 mysteriis
1229 1013 1415 1062 silentii
1465 1012 1584 1060 fides
1642 1013 1890 1060 debeatur.

151 1102 201 1129 10
222 1088 558 1140 Samothracia
598 1097 649 1141 et
690 1093 941 1142 Eleusinia
981 1094 1283 1144 reticentur:
1337 1100 1520 1158 quanto
1562 1095 1713 1158 magis
1754 1093 1889 1153 talia,

219 1188 340 1233 quae
387 1174 586 1236 prodita
644 1175 843 1223 interim
895 1175 1043 1225 etiam
1101 1177 1364 1225 humanam
1423 1176 1890 1225 animadversionem

215 1256 561 1316 provocabunt,
589 1257 706 1304 dum
741 1258 907 1306 divina
944 1262 1199 1308 servatur?
1272 1259 1327 1308 Si
1363 1277 1478 1323 ergo
1514 1277 1610 1307 non
1644 1259 1742 1323 ipsi
1776 1275 1889 1322 pro-

216 1335 398 1385 ditores
423 1338 513 1398 sui,
540 1339 763 1401 sequitur
785 1345 842 1388 ut
869 1341 1105 1389 extranei.
1165 1341 1232 1389 Et
1256 1342 1384 1390 unde
1410 1341 1653 1390 extraneis
1678 1340 1887 1389 notitia}

215 1434 324 1465 cum
360 1437 547 1483 semper
582 1422 727 1470 etiam
762 1422 871 1485 piae
907 1423 1209 1472 initiationes
1245 1428 1441 1473 arceant
1478 1425 1704 1487 profanos
1742 1428 1789 1471 et
1825 1423 1887 1470 ab

149 1524 194 1563 15
215 1501 413 1550 arbitris
438 1508 654 1562 caveant,
680 1504 774 1552 nisi
800 1505 841 1552 si
867 1505 1009 1567 impii
1033 1506 1195 1554 minus
1224 1508 1484 1556 metuunt?
1521 1511 1699 1554 natura
1730 1506 1886 1554 famae

215 1584 437 1632 omnibus
461 1589 578 1634 nota
602 1590 688 1634 est.
757 1587 987 1636 Vestrum
1011 1593 1084 1636 est
1104 1606 1114 1636 :

497 1702 628 1743 Fama
655 1704 828 1755 malum,
859 1718 941 1757 quo
971 1719 1058 1744 non
1086 1706 1203 1745 aliud
1231 1706 1413 1746 velocius
1443 1707 1592 1746 ullum.

213 1809 315 1857 Cur
346 1810 528 1858 malum
562 1812 724 1860 fama?
761 1813 876 1876 quia
900 1814 1075 1861 velox?
1113 1814 1228 1877 quia
1263 1814 1444 1862 index?
1481 1832 1544 1863 an
1581 1814 1698 1877 quia
1732 1815 1886 1879 pluri-

211 1909 344 1939 mum
367 1894 610 1942 mendax‘ss
647 1911 771 1957 quae
795 1913 855 1942 ne
880 1901 997 1944 tunc
1022 1896 1231 1958 quidem,
1253 1914 1364 1944 cum
1388 1896 1578 1960 aliquid
1602 1897 1707 1945 veri
1730 1897 1884 1959 affert,

146 1998 196 2026 20
211 1974 314 2023 sine
356 1976 596 2024 mendacii
634 1977 756 2025 vitio
793 1982 881 2037 est,
922 1978 1197 2037 detrahens,
1241 1979 1488 2041 adjiciens,
1528 1979 1783 2028 demutans
1826 1981 1885 2028 de

209 2057 431 2105 veritate.
505 2058 669 2119 Quid?
707 2060 837 2121 quod
873 2077 928 2108 ea
964 2060 1038 2108 1111
1073 2061 1290 2109 conditio
1326 2065 1414 2120 est,
1439 2065 1497 2109 ut
1529 2078 1627 2108 non
1654 2061 1751 2109 nisi
1775 2080 1884 2111 cum

208 2140 448 2186 mentitur
483 2145 775 2202 perseveret,
802 2145 862 2204 et·
888 2142 1076 2190 tamdiu
1111 2143 1251 2201 vivit,
1287 2142 1522 2205 quamdiu
1559 2159 1657 2190 non
1693 2145 1882 2207 probat.

211 2221 463 2283 Siquidem
486 2222 571 2270 ubi
598 2223 840 2287 probavit,
866 2228 1022 2272 cessat
1048 2241 1162 2284 esse,
1188 2229 1236 2273 et
1261 2225 1402 2289 quasi
1428 2223 1596 2284 officiO,
1624 2226 1885 2274 nuntiandi

208 2303 391 2362 functa,
434 2321 538 2352 rem
577 2305 746 2364 tradit,
787 2309 837 2352 et
879 2306 1054 2354 exinde
1101 2323 1177 2354 res
1217 2311 1426 2364 tenetur,
1469 2324 1546 2355 res
1588 2307 1882 2355 nominatur.

144 2397 190 2436 25
208 2385 310 2432 Nec
335 2385 593 2449 quisquam
617 2387 748 2446 dicit,
774 2387 912 2435 verbi
936 2388 1123 2452 gratia:
1160 2389 1267 2437 Hoc
1291 2391 1472 2437 Romae
1495 2392 1639 2437 aiunt
1654 2391 1879 2453 factum,-

209 2472 322 2516 aut:
363 2469 522 2517 Fama
546 2478 609 2518 est
633 2471 776 2517 illum
791 2472 1102 2535 provinciam
1130 2473 1383 2526 sortitum;
1423 2472 1532 2521 sed:
1569 2472 1780 2521 Sortitus
1804 2473 1883 2519 ille

265 2617 300 2657 5.
338 2609 458 2652 Quis
477 2610 595 2647 talia.
620 2610 857 2652 facinora:
889 2610 899 2630 ‘
917 2609 1011 2648 who
1040 2624 1138 2649 ever
1167 2610 1260 2649 first
1289 2610 1531 2650 discovered
1559 2611 1645 2650 and
1663 2611 1767 2649 then
1787 2624 1882 2650 con-

208 2668 351 2706 cealed
380 2669 481 2707 such
510 2671 669 2719 crimes,
699 2684 745 2710 or
774 2671 867 2709 sold
895 2671 960 2710 his
989 2671 1263 2710 information
1292 2672 1397 2712 with
1425 2672 1499 2711 the
1520 2686 1624 2725 very
1643 2673 1817 2724 culprits
1837 2673 1883 2711 in

206 2729 271 2768 his
291 2729 464 2781 grasp'Z
522 2732 663 2783 Oomp.
695 2733 752 2772 ad
769 2731 896 2784 Scap.
922 2744 940 2771 2
960 2745 972 2782 3
1001 2734 1085 2772 and
1105 2733 1169 2773 for
1187 2734 1261 2773 the
1290 2735 1527 2786 expression
1555 2735 1725 2775 trahens
1752 2737 1881 2785 viros,

204 2792 313 2830 Acts
332 2792 421 2832 viii.
446 2804 468 2842 3
492 2792 679 2846 (ναί-9.).

263 2853 300 2892 8.
331 2856 407 2891 Ab
430 2856 547 2899 ipsis
569 2857 697 2893 enim
726 2857 821 2894 reis
841 2868 938 2896 non
966 2858 1158 2903 utique:
1190 2861 1200 2878 ‘
1216 2857 1307 2896 Not
1326 2857 1383 2909 by
1402 2857 1475 2897 the
1503 2857 1716 2898 criminals
1744 2858 1881 2898 them-

208 2914 342 2953 selves
363 2918 407 2953 at
426 2915 486 2953 all
507 2920 665 2964 events,
686 2917 799 2956 since
820 2931 925 2957 even
953 2918 998 2956 in
1027 2919 1085 2958 all
1114 2919 1335 2971 mysteries
1364 2919 1438 2959 the
1467 2919 1573 2972 duty
1594 2920 1639 2958 of
1663 2933 1826 2971 secrecy
1846 2921 1880 2959 is

206 2976 504 3027 imperatively
524 2976 789 3017 demanded.'

266 3047 326 3076 11.
361 3049 479 3083 quae
508 3041 699 3083 prodita
727 3042 922 3079 interim
943 3070 952 3079 .
977 3071 986 3080 .
1009 3071 1019 3080 .
1040 3044 1152 3080 dum
1181 3044 1347 3081 divina
1374 3046 1617 3082 servatur:
1649 3044 1660 3064 ‘
1676 3041 1827 3087 which,
1849 3042 1886 3080 if

205 3099 426 3150 betrayed,
447 3100 588 3138 would
618 3103 663 3139 at
694 3114 795 3140 once
823 3103 1007 3152 provoke
1035 3103 1194 3143 human
1227 3104 1513 3155 punishment,
1544 3104 1628 3143 and
1652 3103 1716 3143 for
1744 3104 1882 3143 which

206 3160 363 3198 Divine
382 3160 519 3199 wrath
541 3161 679 3199 would
699 3161 750 3200 be
770 3161 995 3202 reserved’

267 3229 326 3272 17.
363 3224 508 3261 Fama
528 3225 715 3262 malum.
777 3224 904 3275 Verg.
924 3227 1032 3265 Aen.
1056 3225 1112 3265 iv.
1141 3234 1230 3277 174.
