2154 3564
309 176 379 229 94
777 159 1107 211 Tertulliani
1141 157 1514 224 Apologetz‘cus
1703 163 1823 215 [CAP.
1845 166 1979 206 XXV.

305 302 622 366 Archigallus
658 301 742 350 ille
779 300 1125 359 sanctissimus,
1163 299 1240 347 die
1275 315 1403 346 nono
1436 298 1777 346 Kalendarum
1804 313 1979 344 earun-

307 385 429 445 dem,
449 403 545 448 quo
563 384 849 447 sanguinem
867 383 1129 446 impurum,
1146 382 1351 429 lacertos
1372 397 1562 443 quoque
1583 379 1838 427 castrando
1857 379 1981 426 liba-

305 469 405 526 bat,
432 485 520 531 pro
546 467 703 516 salute
727 464 1034 528 imperatoris
1059 463 1216 510 Marci
1234 463 1337 526 jam
1373 461 1634 524 intercepti
1659 461 1805 510 solita
1828 478 1980 524 aeque

305 549 510 613 imperia
544 549 807 596 mandavit.
880 548 923 596 O
959 547 1156 594 nuntios
1191 545 1369 604 tardos,
1406 562 1433 592 o
1471 544 1791 592 somniculosa
1827 543 1981 606 diplo-

268 660 290 699 5
308 637 454 689 mata,
491 649 699 694 quorum
734 630 854 678 vitio
890 646 1138 677 excessum
1173 627 1483 692 imperatoris
1519 644 1616 674 non
1651 631 1763 675 ante
1800 626 1981 689 Cybele

308 714 549 777 cognovit,
600 730 661 760 ne
712 713 853 761 deam
898 712 1047 760 talem
1093 710 1312 758 riderent
1360 709 1643 758 Christiani.
1729 708 1826 757 Sed
1883 725 1983 756 non

307 798 477 845 statim
518 802 567 845 et
604 797 804 859 Jupiter
840 797 1037 845 Cretam
1080 813 1218 843 suam
1260 794 1494 842 Romanis
1535 792 1746 842 fascibus
1789 792 1984 840 concuti

307 880 497 938 sineret,
542 879 722 927 oblitus
763 884 962 927 antrum
1002 878 1128 924 illud
1170 878 1386 936 Idaeum,
1427 881 1478 924 et
1518 893 1630 924 aera
1673 874 1983 937 Corybantia,

308 968 356 1011 et
388 962 796 1025 jucundissimum
831 961 934 1008 illic
971 959 1333 1008 nutricissuae
1370 960 1579 1008 odorem.
1650 958 1827 1006 Nonne
1852 957 1985 1006 omni

242 1068 293 1097 10
310 1046 553 1109 Capitolio
590 1046 834 1093 tumulum
869 1045 1012 1092 illum
1047 1061 1190 1091 suum
1224 1042 1599 1106 praeposuisset,
1635 1045 1693 1089 ut
1730 1058 1786 1088 ea
1819 1041 1984 1104 potius

307 1128 415 1176 orbi
455 1133 590 1177 terra
635 1129 964 1192 praecelleret,
1008 1145 1130 1190 quae
1180 1127 1361 1174 cineres
1407 1125 1440 1172 J
1445 1124 1549 1172 ovis
1590 1124 1750 1172 texit}
1820 1123 1984 1171 Vellet

308 1212 339 1258 J
343 1229 439 1259 uno
472 1211 705 1259 Punicam
738 1212 907 1259 urbem
941 1208 1221 1274 posthabita
1258 1208 1400 1257 Samo
1439 1207 1669 1256 dilectam
1702 1207 1763 1254 ab
1796 1205 1982 1255 Aenea-

308 1295 480 1341 darum
504 1293 675 1357 utique
699 1311 874 1357 genere
901 1293 1087 1341 deleri?
1160 1291 1302 1351 Quod
1328 1290 1371 1337 si

1212 1387 1296 1426 Hic
1325 1386 1440 1425 illius
1469 1399 1599 1435 arma,

243 1468 291 1508 15
528 1452 614 1490 Hic
643 1464 787 1490 currus
817 1449 914 1497 fuit,
943 1450 1021 1489 hoc
1049 1462 1227 1501 regnum
1257 1449 1336 1488 dea
1364 1448 1563 1499 gentibus
1594 1460 1696 1496 esse,

527 1513 572 1552 Si
601 1527 686 1565 qua
714 1513 804 1552 fata
833 1512 990 1561 sinant,
1019 1513 1107 1564 jam
1135 1515 1227 1550 tum
1256 1510 1483 1561 tenditque
1511 1509 1723 1560 fovetque.

309 1603 489 1651 Misera
523 1604 608 1651 illa
642 1605 853 1666 conjunx
876 1603 913 1651 J
915 1603 1017 1651 ovis
1053 1607 1103 1650 et
1132 1618 1264 1651 soror
1296 1601 1530 1650 adversus
1562 1601 1666 1648 fata
1700 1616 1797 1646 non
1829 1598 1986 1647 valuit

309 1687 479 1750 plane:
833 1714 942 1753 Fato
972 1716 1058 1753 stat
1086 1711 1263 1763 Jupiter
1281 1711 1383 1763 ipse.

245 1842 295 1870 20
312 1817 413 1864 Nec
437 1822 635 1865 tantum
664 1819 829 1863 tamen
863 1810 1061 1859 honoris
1095 1809 1300 1857 Romani
1336 1808 1626 1856 dicaverunt
1662 1806 1775 1854 fatis
1808 1807 1985 1854 deden-

310 1899 443 1947 tibus
509 1899 604 1946 sibi
665 1894 1012 1957 Carthaginem
1072 1892 1304 1940 adversus
1363 1890 1661 1938 destinatum
1720 1893 1985 1951 votumque
2055 1888 2059 1889 ⁷

310 1982 342 2028 J
347 1981 534 2040 unonis,
563 1984 801 2043 quantum
823 1975 1254 2040 prostitutissimae
1279 1974 1424 2036 lupae
1449 1971 1758 2020 Larentinae.

379 2064 548 2111 Plures
584 2063 694 2110 deos
728 2064 913 2109 vestros
948 2074 1173 2121 regnasse
1212 2060 1403 2104 certum
1442 2060 1530 2103 est.
1605 2054 1769 2117 Igitur
1800 2052 1842 2102 si
1874 2069 1986 2101 con-

370 2193 404 2222 1.
435 2182 751 2228 Archigallus.
809 2177 899 2217 The
919 2175 1170 2227 arch-priest
1191 2173 1236 2213 of
1251 2173 1422 2225 Cybele.

369 2256 404 2284 2.
434 2247 636 2284 lacertos
658 2253 856 2289 quoque.
914 2240 991 2278 See
1010 2242 1145 2286 notes,
1167 2237 1230 2277 ch.
1253 2249 1292 2289 9,
1316 2248 1334 2273 2
1342 2248 1391 2286 33
1420 2247 1550 2286 comp.
1574 2246 1590 2272 Ι
1611 2234 1751 2284 Kings
1770 2233 1869 2272 xvii.
1895 2232 1958 2272 28.

368 2295 410 2357 5.
434 2318 676 2346 excessum
696 2304 1007 2349 imperatoris.
1067 2300 1144 2339 See
1163 2303 1279 2348 note,
1301 2298 1365 2338 ch.
1390 2309 1452 2337 22.

368 2370 407 2408 8.
438 2373 627 2408 antrum
647 2370 857 2406 Idaeum.
914 2363 1003 2403 The
1033 2362 1195 2401 Idaean
1223 2374 1325 2400 cave
1354 2360 1399 2398 in
1428 2359 1565 2403 Crete,
1586 2357 1726 2396 where
1754 2356 1827 2396 the
1849 2355 1989 2394 infant

317 2431 492 2482 Jupiter
522 2443 607 2468 was
638 2428 798 2467 hidden
828 2428 935 2466 from
969 2425 1139 2472 Saturn,
1171 2421 1359 2475 guarded
1389 2421 1446 2472 by
1476 2420 1549 2458 the
1583 2419 1772 2467 Curetes,
1801 2417 1885 2456 and
1918 2416 1990 2456 fed

317 2494 374 2544 by
393 2492 466 2531 the
487 2490 683 2530 she-wolf
700 2489 957 2528 Amalthaea
978 2487 1146 2538 (nutrix
1165 2484 1275 2535 saa).
1323 2483 1434 2523 Ovid
1453 2482 1560 2521 Met.
1582 2480 1639 2519 iv.
1665 2481 1742 2531 289
1760 2479 1804 2520 ff.
1821 2491 1832 2527 ;
1859 2479 1988 2531 Verg.

317 2555 418 2596 Aen.
438 2555 510 2594 vii.
534 2565 622 2605 139.

428 2630 535 2656 aera
565 2617 859 2662 Corybantia.
932 2613 1021 2653 The
1055 2611 1208 2651 brazen
1237 2607 1425 2661 cymbals
1456 2606 1502 2646 of
1527 2607 1601 2646 the
1635 2605 1910 2656 Corybantes,
1943 2617 1990 2643 01·

316 2680 592 2731 worshippers
621 2678 666 2717 of
690 2677 860 2729 Cybele,
885 2677 985 2715 here
1013 2672 1231 2714 identified
1259 2671 1365 2711 with
1393 2669 1467 2709 the
1496 2669 1686 2716 Curetes,
1707 2667 1780 2705 the
1810 2666 1989 2718 original

317 2742 580 2781 inhabitants
605 2740 650 2779 of
665 2741 804 2788 Crete,
823 2739 918 2778 who
936 2751 1048 2778 were
1068 2737 1262 2775 devotees
1285 2733 1330 2773 of
1343 2733 1439 2772 that
1459 2731 1649 2784 goddess.
1698 2730 1839 2781 Comp.
1858 2729 1987 2780 Verg.

316 2805 425 2842 Aen.
446 2803 504 2842 iii.
531 2812 602 2841 111
621 2801 665 2842 ff.

377 2877 438 2914 14.
469 2867 561 2902 Hic
580 2866 711 2901 illius
732 2874 873 2902 arma.
930 2861 1059 2911 Verg.
1081 2859 1181 2898 Aen.
1203 2858 1232 2896 i.
1258 2855 1322 2896 16.

376 2938 438 2978 19.
470 2929 591 2965 Fato
624 2929 717 2964 stat
746 2926 938 2970 Jupiter
971 2927 1084 2970 ipse.
1144 2922 1287 2972 Comp.
1311 2917 1470 2959 Herod.
1501 2918 1527 2956 i.
1559 2927 1636 2969 913
1666 2914 1818 2954 Aesch.
1840 2913 1987 2952 Prom.

321 2990 425 3038 5183
454 2988 571 3026 Lact.
592 2987 635 3026 ii.
661 2995 722 3038 17.
1556 2986 1557 2992 ¹

377 3061 441 3099 23.
471 3051 637 3087 Plures
667 3051 779 3086 deos
808 3051 1001 3087 vestro&
1066 3044 1227 3096 ‘Many
1254 3042 1300 3082 of
1329 3055 1435 3093 your
1464 3039 1596 3092 gods,’
1616 3050 1710 3089 says
1737 3033 1987 3082 Tertullian,

324 3110 553 3161 ‘certainly
580 3109 751 3160 reigned
781 3122 833 3147 on
863 3108 996 3146 earth.
1055 3106 1101 3144 If
1126 3106 1229 3157 they
1247 3118 1342 3143 now
1364 3114 1525 3154 possess
1553 3100 1627 3139 the
1655 3110 1795 3150 power
1824 3094 1870 3134 of
1894 3108 1987 3134 con-

320 3172 479 3224 serring
507 3171 675 3222 empire,
709 3169 819 3208 from
847 3170 986 3209 whom
1015 3167 1087 3207 did
1116 3167 1220 3219 they
1248 3164 1411 3204 receive
1440 3160 1707 3213 sovereignty
1734 3157 1857 3197 when
1885 3155 1990 3208 they
