2154 3564
232 210 329 246 CAP.
350 204 439 256 1V.]
555 197 815 249 adversus
859 197 1052 250 Gentes
1075 207 1181 265 pro
1223 198 1564 254 Christianis.
1829 212 1893 267 15

222 358 257 388 a
292 340 427 388 vobis
463 338 597 405 (nam
639 356 726 387 nec
763 339 968 387 nominis
1005 345 1137 388 certa
1173 346 1247 389 est
1286 342 1462 390 notitia
1497 360 1643 405 penes
1678 342 1797 407 vos),
1836 345 1894 391 de

228 422 469 469 suavitate
503 421 576 469 vel
616 421 917 484 benignitate
953 422 1271 485 compositum
1307 430 1394 471 est.
1479 424 1660 472 Oditur
1696 442 1806 487 ergo
1842 425 1894 471 in

229 503 502 551 hominibus
527 503 744 550 innocuis
769 504 916 550 etiam
939 521 1114 551 nomen
1139 505 1411 554 innocuum.

296 585 368 632 At
387 586 516 632 enim
542 589 671 633 secta
696 585 861 632 oditur
884 585 935 631 in
960 586 1151 633 nomine
1172 587 1340 649 utique
1367 587 1443 635 sui
1466 588 1693 636 auctoris.
1766 588 1895 648 Quid

229 667 356 725 novi,
385 666 426 714 si
450 666 613 729 aliqua
637 667 895 730 disciplina
931 668 989 714 de
1013 668 1246 730 magistro
1281 674 1652 731 cognomentum
1690 674 1892 718 sectato·
1911 683 1932 722 5

229 748 366 796 ribus
407 748 507 797 suis
550 748 777 796 inducit?
861 749 1038 796 Nonne
1073 749 1348 813 philosophi
1384 751 1442 798 de
1481 752 1758 799 auctoribus
1797 751 1896 799 suis

229 835 576 894 nuncupantur
610 831 862 891 Pla-tonici,
890 831 1137 894 Epicurei,
1166 833 1513 896 Pythagorici?
1543 833 1697 889 etiam
1728 853 1756 882 a
1779 835 1896 882 locis

230 913 673 961 conventiculorum
721 919 769 960 et
815 913 1080 961 stationum
1128 932 1320 961 suarum
1370 915 1536 974 Stoici,
1584 915 1896 964 Academici‘l

230 1000 376 1057 atque
411 994 585 1042 medici
621 995 682 1042 ab
720 994 1031 1053 Erasistrato,
1068 1000 1117 1043 et
1152 997 1462 1058 grammatici
1498 998 1558 1045 ab
1594 997 1895 1055 Aristarcho,

230 1077 333 1125 coci
378 1077 526 1124 etia-m
571 1077 632 1123 ab
679 1075 889 1138 ApicioZ
976 1077 1079 1125 Nec
1137 1082 1302 1125 tamen
1351 1095 1637 1141 quemquam
1698 1079 1897 1127 offendit
1919 1099 1965 1128 10

229 1159 460 1222 professio
485 1158 705 1216 nominis,
733 1175 841 1205 cum
865 1158 1178 1207 institutione
1202 1161 1482 1209 transmissa
1517 1162 1578 1209 ab
1602 1161 1896 1210 institutore.

231 1242 378 1289 Plane
415 1240 456 1288 si
480 1239 564 1303 qui
586 1241 758 1302 probet
782 1241 957 1288 malam
984 1246 1164 1289 sectam
1189 1247 1237 1290 et
1260 1243 1332 1290 ita
1367 1244 1546 1291 malum
1572 1249 1830 1302 auctorem,
1856 1244 1897 1291 is

229 1324 455 1386 probabit
470 1329 520 1371 et
543 1340 719 1371 nomen
737 1324 919 1371 malum
945 1325 1146 1386 dignum
1170 1325 1280 1372 odio
1301 1326 1360 1373 de
1379 1332 1520 1374 reatu
1544 1331 1700 1374 sectae
1721 1331 1769 1373 et
1784 1344 1897 1374 auc-

231 1407 364 1455 toris.
434 1407 648 1470 Ideoque
696 1412 810 1455 ante
857 1408 1022 1455 odium
1068 1409 1279 1457 nominis
1318 1410 1618 1472 competebat
1655 1409 1790 1472 prius
1839 1410 1897 1456 de

230 1494 425 1536 auctore
451 1493 630 1536 sectam
654 1506 1004 1550 recognoscere,
1032 1490 1110 1537 Vel
1135 1495 1379 1538 auctorem
1399 1493 1456 1539 de
1483 1497 1623 1540 secta.
1677 1495 1747 1539 At
1770 1508 1897 1538 nunc
1916 1508 1963 1547 15

230 1571 487 1632 utriusque
516 1571 827 1634 inquisitione
851 1576 900 1619 et
923 1572 1171 1634 agnitione
1194 1574 1416 1635 neglecta
1440 1591 1611 1622 nomen
1635 1573 1896 1630 detinetur,

231 1669 407 1700 nomen
432 1657 751 1716 expugnatur,
777 1657 826 1700 et
860 1654 1075 1716 ignotam
1102 1658 1294 1713 sectam,
1321 1656 1542 1717 ignotum
1574 1660 1623 1703 et
1653 1660 1897 1703 auctorem

232 1752 327 1782 vox
352 1736 452 1783 sola
475 1736 803 1798 praedamnat,
825 1735 941 1798 quia
966 1737 1293 1796 nominantur,
1311 1754 1407 1785 non
1426 1737 1541 1801 quia
1563 1738 1892 1786 revincuntur.

890 1976 1112 2026 CAPUT
1158 1977 1247 2026 IV.

303 2102 490 2157 ATQUE
529 2102 647 2150 adeo
690 2102 829 2165 quasi
865 2104 1116 2165 praefatus
1152 2103 1269 2152 haec
1309 2105 1372 2152 ad
1409 2105 1763 2168 suggillandam
1800 2105 1896 2152 odii
1917 2118 1965 2146 20

235 2203 351 2247 erga
376 2203 464 2233 nos
489 2184 672 2248 publici
695 2185 1020 2247 iniquitatem,
1042 2187 1144 2247 jam
1171 2187 1229 2233 de
1255 2204 1426 2234 caussa
1450 2187 1753 2234 innocentiae
1786 2203 1896 2234 con-

235 2268 415 2326 sistam,
434 2284 521 2314 nec
539 2271 733 2314 tantum
757 2268 975 2314 refutabo
1001 2285 1126 2330 quae
1151 2269 1289 2315 nobis
1313 2269 1622 2330 objiciuntur,
1643 2269 1728 2316 sed
1751 2269 1897 2316 etiam

234 2350 287 2396 in
318 2350 449 2412 ipsos
477 2350 766 2411 retorquebo
801 2349 887 2412 qui
921 2350 1184 2412 objiciunt3
1223 2355 1280 2398 ut
1310 2369 1370 2398 ex
1401 2351 1490 2399 hoc
1519 2368 1708 2416 quoque
1742 2350 1899 2397 sciant

237 2459 402 2498 assidue
417 2458 728 2498 tumultuantes
745 2459 880 2497 Roma
893 2460 1055 2510 expulit
1069 2457 1079 2475 '
1102 2460 1225 2512 (Acts
1238 2461 1354 2499 xviii.
1381 2458 1420 2509 2)
1439 2474 1448 2507 ;
1468 2460 1598 2499 Tacit.
1617 2460 1732 2497 Anu.
1747 2472 1814 2498 xv.
1830 2471 1895 2509 44,

236 2524 247 2541 ‘
266 2533 366 2570 quos
379 2533 451 2570 per
462 2520 623 2570 flagitia
642 2520 812 2568 invisos,
828 2520 979 2571 vulgus
992 2520 1258 2559 Chrestianos
1274 2519 1558 2572 adpellabat⁷3
1578 2521 1771 2559 Lactant.
1790 2520 1896 2558 locst.

236 2581 337 2621 Dz‘v.
356 2581 412 2620 iv.
431 2589 469 2632 7,
494 2585 505 2601 ⁶
518 2581 600 2620 Sed
613 2581 856 2632 exponenda
874 2581 999 2633 hujus
1021 2583 1200 2620 nominis
1219 2583 1327 2620 ratio
1348 2588 1409 2621 est
1429 2586 1597 2633 propter
1615 2582 1899 2633 ignorantium

237 2656 430 2689 errorem,
464 2643 535 2693 qui
567 2656 662 2681 eum
691 2643 941 2681 immutatur
963 2643 1108 2682 littera
1138 2643 1363 2682 Chrestum
1394 2645 1530 2683 solent
1564 2641 1724 2682 dicere’
1740 2657 1751 2692 ;
1779 2644 1895 2682 Just.

238 2705 372 2743 Mart.
410 2704 540 2753 Apol.
578 2704 605 2741 i.
647 2718 685 2752 4,
718 2703 851 2742 ‘'Ooov
887 2718 933 2741 τε
979 2705 1028 2742 ἐκ
1062 2704 1136 2742 τοῦ
1173 2703 1521 2754 κατηγορουμένου
1559 2704 1668 2753 ἡμιῖιν
1707 2703 1900 2753 ὀνόματος

237 2763 511 2817 χρηστότατοι
542 2763 788 2814 ὑπάρχομεν,
808 2766 892 2804 and
911 2767 1035 2816 again
1053 2766 1168 2814 ibid„
1191 2765 1421 2816 Χριστιανοὶ
1440 2765 1518 2816 ’γὰρ
1540 2764 1636 2804 εἶναι
1657 2764 1899 2816 κατηγορού-

236 2829 348 2875 μεθα·
377 2824 426 2864 τὸ
455 2826 496 2864 δὲ
536 2825 720 2875 χρηστὸν
749 2826 948 2874 μισεῖσθαι
983 2826 1028 2865 οὐ
1068 2825 1228 2866 δίκαιον.
1286 2828 1561 2866 Clem.—Alex.
1599 2828 1751 2867 δίνου».
1783 2829 1825 2868 ii.
1859 2841 1895 2878 4,

238 2886 390 2926 Αὐτίκα
424 2888 461 2925 οἱ
498 2887 550 2926 εἷς
578 2886 652 2925 τὸν
682 2886 861 2937 Χριστὸν
890 2888 1200 2927 πεπιστευκότες
1226 2888 1399 2940 χρηστοί
1421 2889 1468 2928 τέ
1498 2890 1577 2928 εἷ”σι
1600 2888 1664 2927 καὶ
1690 2889 1896 2940 λέγονται.

238 2950 380 3000 Comp.
405 2949 564 2989 Cohort.
587 2949 645 2987 ad
661 2952 771 2999 yent.
793 2961 843 2999 93
872 2950 1054 3000 Theoph.
1077 2950 1133 2988 ad
1152 2950 1288 2989 Αιιύοῖ.
1307 2951 1335 2989 i.
1361 2962 1394 2991 Ι.

296 3023 356 3049 20.
388 3015 448 3050 ad.
479 3014 846 3057 suggillandam:
877 3012 997 3051 ‘that
1027 3012 1051 3050 I
1075 3013 1212 3064 might
1237 3013 1337 3051 hold
1363 3027 1419 3065 up
1445 3017 1490 3053 to
1520 3012 1758 3064 contempt'
1775 3027 1785 3061 3
1828 3027 1895 3052 see

238 3077 336 3112 note
357 3086 410 3112 011
429 3073 689 3124 suqyillatz'o,
712 3073 773 3111 ch.
800 3084 860 3113 11.

297 3147 359 3176 21.
391 3139 666 3176 consistam:
713 3149 737 3174 a
773 3136 964 3187 military
991 3137 1236 3188 metaphor3
1277 3138 1360 3177 and
1380 3152 1423 3178 so
1446 3138 1509 3178 ch.
1532 3137 1598 3190 46,
1621 3139 1893 3186 constitimus

239 3199 250 3219 ⁴
263 3212 326 3237 we
345 3199 454 3238 have
473 3198 571 3237 held
592 3213 666 3238 our
685 3197 893 3250 position.'
