2154 3564
252 139 317 206 78
715 140 1048 193 Tertulliani
1082 140 1133 191 Α
1128 140 1452 208 pologetz'cus
1656 148 1774 201 [CAP.
1793 152 1912 192 XXI.

246 283 446 331 Virtute
470 287 519 331 et
544 283 754 331 Ratione
779 283 1078 343 comitatum,
1099 289 1148 331 613
1173 283 1364 346 Spiritu
1377 283 1575 342 fultum,
1592 284 1812 331 eumdem
1829 283 1915 347 qui

246 366 394 413 verbo
436 365 611 425 omnia,
655 370 704 413 613
744 367 935 425 faceret,
981 371 1029 413 et
1070 365 1276 413 fecisset.
1365 364 1446 412 Ad
1488 365 1757 413 doctrinam
1797 382 1913 414 vero

247 450 362 511 ejus,
388 465 482 511 qua
507 448 879 497 revincebantur
903 447 1126 511 magistri
1149 447 1482 511 primoresque
1507 448 1818 507 Judaeorum,
1844 447 1915 496 ita

246 530 667 593 exasperabantur,
716 529 925 577 maxime
980 529 1109 592 quod
1162 530 1224 577 ad
1275 547 1386 576 eum
1432 529 1604 591 ingens
1648 529 1915 578 multitudo

208 630 229 670 5
247 612 541 670 deflecteret,
567 616 624 659 ut
655 616 900 674 postremo
935 611 1154 659 oblatum
1187 611 1361 659 Pontio
1395 612 1554 660 Pilato
1580 611 1771 675 Syriam
1795 617 1915 660 tunc

247 712 307 742 ex
359 700 499 757 parte
554 694 771 741 Romana
822 694 1123 757 procuranti,
1177 694 1414 742 violentia
1466 694 1809 757 suffragiorum
1863 694 1917 741 in

247 793 437 824 crucem
492 775 604 823 dedi
659 776 752 823 sibi
811 776 1114 824 extorserint.
1212 777 1532 825 Praedixerat
1586 782 1636 825 et
1687 777 1790 840 ipse
1844 776 1917 824 ita

245 859 470 907 facturos.
542 859 724 905 Parum
756 858 859 912 hoc,
886 859 927 906 si
951 876 1048 906 non
1072 863 1121 906 et
1145 859 1410 922 prophetae
1440 863 1586 907 retro.
1656 858 1724 907 Et
1752 863 1919 907 tamen

246 940 444 1007 suffixus
481 940 709 1003 spiritum
745 958 852 987 cum
881 941 1030 988 verbo
1066 945 1236 1003 sponte
1274 941 1475 1000 dimisit,
1513 945 1776 1004 praevento
1812 958 1918 988 car-

184 1039 233 1065 10
248 1023 402 1071 nificis
427 1023 591 1070 officio.
652 1024 834 1070 Eodem
858 1027 1100 1071 momento
1126 1023 1241 1082 dies,
1261 1024 1476 1072 medium
1501 1026 1666 1072 orbem
1690 1024 1918 1087 signante

245 1106 357 1165 sole,
395 1107 633 1154 subducta
674 1110 761 1153 est.
849 1106 1135 1168 Deliquium
1175 1106 1345 1170 utique
1386 1112 1700 1171 putaverunt,
1739 1106 1827 1170 qui
1866 1106 1920 1155 id

247 1206 436 1252 quoque
477 1205 623 1251 super
666 1187 862 1236 Christo
903 1188 1236 1251 praedicatum
1279 1207 1374 1237 non
1412 1186 1626 1237 scierunt
1642 1206 1654 1249 3
1707 1187 1919 1256 [ratione

246 1288 344 1318 non
375 1271 682 1334 deprehensa,
713 1277 1014 1334 negaverunt
1033 1269 1069 1337 ς]
1119 1275 1167 1319 613
1202 1278 1367 1320 tamen
1403 1289 1514 1320 eum
1550 1271 1722 1319 mundi
1757 1288 1919 1320 casum

246 1354 456 1401 relatum
478 1354 531 1400 in
564 1353 776 1401 archivis
800 1353 973 1402 vestris
998 1354 1200 1402 habetis.
1271 1355 1410 1402 Tunc
1439 1355 1471 1402 J
1475 1355 1619 1403 udaei
1644 1355 1920 1402 detractum

184 1459 229 1498 15
248 1440 297 1484 et
322 1436 545 1498 sepulcro
579 1435 828 1483 conditum
860 1452 1036 1499 magna
1069 1435 1218 1484 etiam
1249 1437 1481 1485 militaris
1519 1437 1770 1485 custodiae
1807 1437 1919 1484 dili-

305 1607 341 1645 3.
370 1597 598 1641 magistri.
657 1595 698 1635 S.
721 1595 839 1635 John
859 1596 920 1634 iii.
949 1608 1011 1636 10.

304 1657 342 1696 6.
373 1660 669 1703 procuranti:
701 1657 745 1695 in
765 1658 821 1697 its
842 1658 1050 1698 technical
1071 1672 1202 1708 sense,
1228 1662 1239 1681 ‘
1254 1661 1381 1712 being
1399 1666 1645 1712 procurator
1658 1659 1667 1677 ’
1683 1675 1693 1709 ;
1725 1674 1770 1701 so
1790 1661 1919 1713 Vulg.

252 1720 373 1758 Luke
391 1719 450 1757 iii.
477 1731 511 1767 Ι,
534 1722 545 1740 ‘
560 1723 813 1770 procurante
833 1721 988 1760 Pontio
1008 1720 1148 1760 Pilato
1168 1721 1409 1763 Judaeam..’

361 1783 690 1827 suffragiorum
711 1795 719 1821 ι
760 1782 951 1834 alluding
986 1787 1031 1822 to
1068 1784 1141 1823 the
1180 1783 1321 1823 choice
1353 1784 1399 1824 of
1431 1784 1505 1824 the
1542 1785 1690 1836 people
1728 1785 1919 1824 between

253 1843 467 1882 Barabbas
488 1843 572 1882 and
593 1844 760 1884 Christ:
792 1847 1051 1884 extorserint
1078 1846 1114 1885 is
1138 1847 1232 1886 well
1260 1847 1446 1898 justified
1464 1847 1522 1899 by
1541 1847 1583 1888 S.
1604 1845 1755 1887 Luke's
1776 1860 1919 1886 narra—

253 1907 341 1947 tive
359 1906 474 1945 xxiii.
502 1917 553 1943 20
573 1906 615 1945 ff.

311 1977 345 2020 7.
377 1971 684 2008 Praedixerat
704 1974 751 2008 et
772 1972 886 2016 ipse.
946 1970 985 2010 S.
1008 1971 1138 2011 Matt.
1161 1973 1244 2011 xvi.
1270 1983 1315 2010 21
1336 1986 1347 2022 3
1377 1972 1416 2012 S.
1440 1972 1573 2012 Mark
1591 1973 1679 2012 viii.
1703 1983 1768 2024 31,
1790 1978 1863 2013 etc.

310 2032 345 2070 8.
380 2033 552 2069 Parum
573 2032 678 2076 hoe,
701 2033 756 2071 si.
820 2032 945 2071 ‘This
974 2033 1111 2084 might
1140 2035 1192 2073 be
1221 2048 1246 2073 a
1274 2035 1405 2086 slight
1432 2036 1553 2086 point
1583 2039 1627 2074 to
1655 2049 1756 2087 urge
1784 2035 1821 2073 if
1846 2034 1921 2074 the

253 2093 450 2145 prophets
471 2124 479 2131 .
505 2124 513 2133 .
534 2091 561 2132 .'
591 2093 659 2133 Ps.
691 2094 791 2132 xxii.
826 2095 958 2143 1-18;
989 2096 1086 2135 Isai.
1121 2097 1185 2135 liii
1202 2110 1213 2146 ;
1242 2097 1328 2138 lxv.
1368 2110 1404 2148 2,
1436 2101 1509 2138 etc.
1568 2099 1711 2149 Comp.
1745 2098 1819 2137 the
1850 2112 1920 2138 ex-

253 2155 440 2207 pression
458 2154 593 2194 below
614 2157 624 2175 ‘
639 2155 829 2194 Multum
850 2160 924 2204 est,
947 2156 981 2194 si
1003 2189 1012 2197 .
1036 2187 1045 2196 .
1069 2155 1093 2197 .'

310 2231 347 2270 9.
379 2222 632 2265 praevento
653 2221 897 2263 carnificis.
908 2222 1071 2259 officio.
1131 2220 1171 2260 S.
1192 2220 1311 2260 John
1329 2222 1412 2261 xix,
1440 2232 1504 2271 33.

315 2292 375 2321 11.
408 2283 684 2327 Deliquium
706 2311 714 2319 .
737 2311 746 2320 .
768 2312 777 2320 .
799 2284 1135 2326 praedicatum.
1192 2283 1324 2322 Amos
1353 2284 1441 2322 viii.
1463 2296 1515 2335 9;
1545 2297 1676 2335 comp.
1698 2284 1793 2324 adv.
1815 2283 1919 2324 Jud.

260 2355 321 2392 10,
345 2343 486 2381 ‘Nam
505 2342 617 2393 quod
643 2342 689 2380 in
717 2343 910 2393 passione
939 2344 1029 2395 ejus
1058 2344 1226 2393 accidit,
1255 2349 1304 2384 ut
1333 2346 1472 2384 media
1492 2345 1579 2385 dies
1599 2347 1921 2395 tenebresceret,

255 2407 386 2443 Amos
406 2404 608 2455 propheta
628 2404 881 2444 adnuntiat?
939 2405 1082 2457 Gomp.
1103 2407 1132 2446 J
1138 2421 1192 2446 er.
1214 2407 1258 2446 ii.
1284 2419 1346 2446 12.

313 2478 374 2507 12.
408 2466 608 2517 [ratione
640 2496 648 2504 .
683 2497 692 2505 .
726 2495 734 2504 .
763 2467 1103 2519 negaverunt]:
1133 2458 1333 2508 added‘in
1352 2469 1450 2510 eod.
1473 2469 1594 2508 Fuld.
1616 2470 1726 2521 only.

315 2540 375 2578 14.
406 2530 606 2566 relatum
626 2528 677 2566 in
697 2531 914 2568 archivis.
945 2529 1046 2568 This
1060 2530 1095 2569 is
1114 2530 1187 2569 the
1207 2535 1302 2570 true
1321 2532 1520 2584 reading3
1551 2534 1725 2571 areanis
1737 2532 1772 2571 is
1792 2531 1922 2570 found

256 2591 301 2628 in
315 2603 392 2630 one
406 2589 499 2627 MS.
516 2590 616 2640 only
632 2590 748 2639 (Ood.
766 2590 911 2641 Fuld.)
928 2604 937 2631 ε
959 2592 1139 2631 relatum
1155 2593 1190 2632 is
1205 2594 1278 2632 the
1291 2594 1502 2633 technical
1517 2594 1631 2633 word
1643 2594 1707 2633 for
1727 2597 1737 2614 ‘
1748 2594 1923 2645 making

256 2665 310 2690 an
324 2652 474 2690 official
493 2649 667 2699 return,’
691 2654 700 2672 ‘
718 2651 968 2704 registering
987 2654 1033 2692 in
1053 2667 1108 2693 an
1129 2655 1281 2694 official
1301 2655 1465 2707 report'
1485 2669 1494 2704 3
1524 2669 1655 2706 comp.
1677 2656 1823 2695 Cicero
1835 2668 1921 2706 pro

256 2713 384 2753 Sulla
418 2723 480 2762 15,
501 2724 566 2763 42.
625 2713 863 2752 Tertullian
895 2715 1119 2755 elsewhere
1149 2717 1320 2767 appeals
1349 2722 1393 2756 to
1424 2718 1575 2757 official
1606 2717 1849 2756 documenta
1877 2717 1922 2755 in

257 2773 547 2814 confirmation
577 2775 622 2813 of
645 2775 710 2813 his
741 2779 1005 2826 statements,
1035 2778 1132 2818 adv.
1162 2779 1302 2819 Maro.
1333 2779 1390 2819 iv.
1422 2787 1458 2831 7,
1480 2780 1558 2818 ‘de
1587 2792 1712 2817 censu
1742 2779 1921 2829 denique

257 2835 457 2886 Augusti,
496 2848 621 2886 quem
658 2841 811 2876 testem
841 2838 1129 2878 fidelissimum
1168 2840 1412 2879 Dominicae
1451 2841 1692 2879 nativitatis
1731 2840 1922 2878 Romana

257 2897 428 2937 archiva
461 2896 752 2937 custodiunt?
809 2899 883 2950 Cp.
913 2904 1014 2939 note
1043 2914 1097 2940 on
1126 2902 1316 2951 archiva,
1348 2902 1412 2941 ch.
1448 2913 1508 2953 19.
1568 2903 1622 2941 In
1651 2902 1726 2941 the
1754 2904 1922 2952 present

257 2971 430 3009 passage
458 2958 531 2996 the
560 2959 770 2999 reference
798 2960 832 2999 is
862 2965 972 3000 most
995 2962 1200 3014 probably
1220 2966 1263 3002 to
1291 2963 1366 3002 the
1396 2963 1547 3002 official
1575 2968 1715 3015 report
1744 2965 1836 3001 sent
1864 2961 1922 3012 by

259 3020 414 3068 Pilate,
436 3033 566 3070 comp.
592 3021 739 3070 below,
763 3024 772 3042 ⁶
790 3022 956 3062 Tiberio
976 3023 1220 3064 nuntiavit.’
1251 3025 1419 3064 Gibbon
1440 3025 1501 3076 (ii.
1525 3025 1639 3076 194),
1658 3026 1920 3063 unwarrant-

260 3082 360 3132 ably
378 3080 612 3133 preferring
641 3084 830 3130 areanis,
852 3084 1034 3124 believes
1055 3086 1294 3126 Tertullian
1321 3091 1366 3125 to
1386 3087 1534 3137 appeal
1554 3090 1600 3125 to
1619 3086 1694 3125 the
1715 3084 1925 3137 Sibyllina

260 3156 410 3193 verses,
431 3142 569 3183 which
597 3145 757 3197 merely
776 3145 1003 3196 reproduce
1033 3147 1106 3187 the
1135 3148 1288 3200 Grospel
1318 3149 1545 3188 narrative.
