2154 3564
200 192 299 231 CAP.
323 186 454 238 XL1.]
586 177 846 231 adversus
889 178 1078 230 Gentes
1103 187 1208 247 pro
1250 178 1593 232 Christianis.
1761 192 1857 246 127

197 321 376 385 populo
402 320 718 381 denuntiatis,
738 320 922 368 caelum
947 321 1077 384 apud
1104 320 1404 383 Capitolium
1424 321 1675 383 quaeritis,
1695 322 1863 370 nubila

198 404 258 451 de
293 403 604 465 laquearibus
642 402 948 465 exspectatis,
973 402 1131 451 aversi
1168 403 1230 450 ab
1265 402 1373 465 ipso
1410 407 1460 451 et
1492 403 1596 450 Deo
1633 409 1682 450 et
1720 405 1862 451 caelo.

200 486 304 533 Nos
327 501 441 533 vero
461 484 662 546 jejuniis
686 485 813 532 aridi
837 490 886 532 et
911 485 1042 532 omni
1067 483 1369 532 continentia
1393 484 1620 548 expressi,
1647 485 1708 531 ab
1732 485 1865 532 omni

197 567 328 616 vitae
371 568 512 629 fruge
555 566 706 625 dilati,
746 566 799 613 in
848 583 983 614 sacco
1030 570 1080 614 et
1127 565 1287 614 cinere
1334 566 1625 626 volutantes,
1676 567 1864 614 invidia

198 650 380 697 caelum
427 648 691 708 tundimus,
733 649 894 696 Deum
930 648 1191 711 tangimuS,
1230 652 1282 696 et
1329 665 1437 696 cum
1485 648 1864 696 misericordiam
1881 664 1901 704 5

197 731 553 789 extorserimus,
580 731 778 794 Jupiter
801 730 1068 779 honoratur
1092 748 1119 778 a
1142 730 1292 790 vobis,
1320 731 1456 778 Deus
1482 730 1761 794 negligitur.

830 1026 1053 1075 CAPUT
1091 1026 1225 1074 XLI.

266 1159 370 1206 Vos
405 1158 560 1221 igitur
591 1158 861 1221 importuni
894 1158 1039 1206 rebus
1071 1157 1309 1216 humanis,
1336 1175 1421 1206 vos
1455 1158 1526 1205 rei
1557 1158 1864 1221 publicorum

196 1241 619 1299 incommodorum,
644 1257 724 1288 vos
753 1240 990 1287 malorum
1020 1239 1173 1287 illices
1206 1257 1403 1303 semper,
1432 1241 1562 1303 apud
1586 1258 1705 1303 quos
1730 1241 1863 1288 Deus

196 1323 452 1386 spernitur,
473 1327 661 1370 statuae
685 1323 965 1369 adorantur.
1027 1322 1211 1384 Utique
1237 1323 1366 1370 enim
1391 1323 1672 1371 credibilius
1696 1323 1864 1370 haberi
1883 1340 1931 1368 10

197 1405 354 1464 debet,
393 1422 503 1451 eum
538 1403 682 1452 irasci
718 1404 804 1466 qui
839 1404 1132 1466 negligatur,
1172 1421 1315 1467 quam
1351 1405 1436 1467 qui
1472 1405 1726 1452 coluntur:
1778 1408 1864 1453 aut

196 1504 286 1535 nae
327 1487 399 1533 illi
440 1485 752 1549 iniquissimi,
796 1486 837 1534 si
879 1490 1080 1549 propter
1123 1487 1427 1535 Christianos
1469 1487 1616 1535 etiam
1656 1488 1864 1536 cultores

196 1586 306 1617 suos
330 1569 543 1626 laedunt,
562 1585 679 1632 quos
702 1585 923 1631 separare
942 1568 1172 1616 deberent
1196 1586 1224 1616 a
1250 1569 1435 1616 meritis
1456 1569 1862 1618 Christianorum.

197 1653 321 1710 Hoc,
353 1651 573 1715 inquitis,
607 1656 656 1699 et
691 1651 742 1698 in
777 1651 940 1698 Deum
971 1658 1192 1699 vestrum
1226 1658 1533 1716 repercutere
1570 1656 1657 1710 est,
1696 1653 1780 1715 qui
1816 1660 1864 1700 et

196 1734 300 1797 ipse
346 1734 567 1796 patiatur
611 1737 813 1796 propter
858 1733 1083 1795 profanos
1124 1734 1272 1781 etiam
1314 1735 1521 1782 cultores
1564 1751 1675 1782 suos
1722 1734 1862 1782 laedi.
1883 1756 1929 1795 15

196 1815 461 1863 Admittite
485 1816 620 1878 prius
646 1815 986 1878 dispositiones
1012 1818 1128 1877 ejus,
1155 1819 1203 1863 et
1227 1833 1326 1863 non
1350 1816 1710 1878 retorquebitis.
1765 1815 1863 1876 Qui

198 1898 326 1945 enim
349 1898 494 1945 semel
519 1902 771 1945 aeternum
790 1896 1029 1959 judicium
1053 1898 1320 1946 destinavit
1343 1902 1454 1961 post
1486 1897 1667 1946 saeculi
1700 1898 1862 1955 finem,

197 1997 294 2028 non
323 1980 614 2043 praecipitat
639 1979 991 2039 discretionem,
1019 1997 1143 2042 quae
1176 1985 1251 2029 est
1283 1981 1504 2029 condicio
1536 1980 1725 2043 judicii,
1752 1986 1863 2028 ante

197 2063 375 2111 saeculi
408 2063 564 2111 finem.
636 2062 869 2126 Aequalis
905 2068 978 2111 est
1013 2063 1214 2111 interim
1254 2080 1400 2127 super
1437 2082 1576 2112 omne
1614 2064 1865 2112 hominum

196 2161 349 2207 genus
385 2151 433 2192 et
468 2145 726 2207 indulgens
766 2149 816 2192 et
853 2144 1137 2208 increpans3
1179 2146 1449 2194 communia
1483 2146 1640 2194 voluit
1678 2163 1778 2194 esse
1814 2151 1863 2194 et
1883 2164 1932 2191 20

197 2227 440 2277 commoda
464 2226 682 2289 profanis
708 2230 756 2274 et
774 2227 1075 2274 incommoda
1099 2227 1210 2286 suis,
1232 2231 1289 2274 ut
1312 2228 1419 2291 pari
1443 2228 1682 2276 consortio
1701 2245 1864 2275 omnes

197 2314 248 2358 et
271 2308 525 2356 lenitatem
549 2311 651 2370 ejus
676 2312 724 2356 et
748 2309 1059 2357 severitatem
1084 2310 1432 2372 experiremur.
1503 2310 1629 2370 Quia
1652 2310 1769 2358 haec
1793 2310 1864 2356 ita

197 2391 453 2438 didicimus
478 2391 606 2452 apud
631 2391 804 2454 ipsum,
830 2391 1076 2453 diligimus
1110 2391 1377 2450 lenitatem,
1404 2392 1664 2439 metuimus
1690 2391 1865 2439 severi-

197 2478 362 2532 tatem,
387 2489 472 2520 vos
497 2476 663 2519 contra
687 2477 942 2535 utramque
968 2473 1219 2535 despicitis
1241 2491 1250 2520 :
1290 2478 1339 2521 et
1364 2474 1599 2535 sequitur,
1618 2478 1675 2520 ut
1700 2490 1863 2521 omnes

198 2554 376 2604 saeculi
399 2554 569 2616 plagae
594 2554 744 2612 nobis,
771 2554 813 2602 si
836 2554 973 2612 forte,
999 2554 1052 2601 in
1076 2555 1470 2613 admonitionem,
1487 2556 1622 2602 vobis
1647 2555 1698 2602 in
1724 2555 1860 2603 casti·
1882 2574 1928 2613 25

198 2686 359 2726 caelum
379 2689 421 2726 et
442 2689 532 2724 aret
552 2698 702 2734 annus,
722 2685 991 2736 nudipedalia
1012 2686 1332 2734 denuntiantur,
1352 2686 1626 2736 magistratus
1654 2698 1859 2737 purpuras

197 2753 373 2801 ponunt,
394 2749 524 2788 fasces
544 2752 654 2786 retro
674 2751 887 2797 avertunt,
906 2761 1070 2799 precem
1090 2748 1338 2799 indigitant,
1361 2749 1543 2787 hostiam
1562 2747 1831 2788 instaurant.'

255 2821 291 2849 1.
319 2812 485 2848 nubila
515 2812 571 2847 de
600 2811 898 2856 laquearibus
926 2812 1238 2856 exspectatis:
1268 2823 1399 2861 comp.
1422 2810 1487 2850 ch.
1510 2821 1573 2861 24,
1598 2813 1609 2831 ‘
1626 2811 1758 2849 nubes
1778 2824 1855 2848 nu-

197 2875 330 2911 meret
351 2869 500 2918 orans,'
521 2874 596 2910 ete.

256 2935 318 2972 18.
349 2944 446 2971 non
475 2934 754 2977 praecipitat
788 2933 1133 2971 discretionem.
1191 2932 1334 2982 Comp.
1356 2932 1536 2971 Parable
1564 2932 1609 2971 of
1623 2932 1697 2971 the
1717 2932 1859 2977 Tares,

198 2995 239 3034 S.
253 2996 385 3034 Matt.
397 2994 485 3032 xiii.
508 2995 654 3043 28-30,
666 3006 717 3044 49
736 3007 746 3042 3
776 2994 858 3032 and
872 3007 967 3033 xxv.
990 3005 1053 3043 32.
1113 2993 1179 3032 On
1197 2994 1488 3045 praecipitare,
1516 2997 1527 3015 ‘
1542 2999 1588 3034 to
1606 2996 1756 3034 hasten
1770 3008 1860 3046 pre-

198 3054 432 3108 maturely,'
455 3069 521 3094 see
540 3060 651 3103 note,
673 3056 737 3094 ch.
760 3066 823 3094 22.

257 3130 318 3170 19.
351 3120 575 3164 Aequalis
595 3121 665 3155 est
684 3119 887 3156 interim.
947 3116 989 3155 S.
1010 3116 1139 3155 Matt.
1161 3130 1202 3156 v.
1224 3128 1290 3167 45.

258 3191 277 3217 2
283 3189 320 3230 5.
351 3182 393 3219 si
412 3182 535 3219 forte
554 3193 564 3217 ε
596 3177 656 3217 ‘if
670 3191 732 3218 we
752 3177 832 3217 feel
852 3177 969 3217 them
987 3182 1033 3216 at
1052 3178 1110 3216 all
1124 3175 1134 3192 ’
1151 3191 1162 3226 ;
1192 3191 1258 3217 see
1276 3183 1389 3230 note,
1414 3179 1477 3218 ch.
1497 3178 1561 3223 16,v
