2154 3564
195 212 293 250 CAP.
312 204 472 255 XX11.]
582 196 840 248 adversus
884 195 1074 248 Gentes
1100 204 1203 262 pro
1248 194 1591 248 Christianis,
1721 182 1724 185 Δ
1791 192 1852 243 81

196 341 464 403 Melampus
487 336 650 402 Argis,
678 339 980 401 Trophonius
1005 338 1230 385 Boeotiae
1255 336 1615 384 initiationibus
1640 336 1858 383 homines

195 422 564 484 obligaverunt3
607 425 663 468 ut
692 422 753 468 ad
777 439 860 469 vos
894 437 1085 484 quoque
1116 419 1442 466 dominatores
1475 418 1699 480 gentium
1731 419 1857 480 aspi·

196 504 333 563 ciam,
357 504 496 551 homo
521 503 615 550 fuit
640 503 904 566 Pompilius
930 503 1105 559 Numa,
1134 501 1218 564 qui
1244 502 1484 548 Romanos
1509 499 1859 562 operosissimis

196 584 621 648 superstitionibus
660 585 893 633 oneravit.
965 583 1182 632 Licuerit
1218 590 1266 631 et
1304 583 1504 630 Christo
1541 580 1860 629 commentari

198 666 507 714 divinitatem
537 683 638 713 rem
673 666 953 729 propriam3
1003 683 1098 713 non
1131 664 1215 728 qui
1247 664 1438 727 rupices
1468 668 1518 710 et
1549 663 1708 710 adhuc
1732 663 1858 710 feros
1877 689 1899 729 5

196 748 413 795 homines
447 748 765 795 multitudine
796 753 874 796 tot
906 747 1161 795 numinum
1194 746 1595 794 demerendorum
1629 745 1860 792 attonitos

199 829 444 877 efficiendo
468 831 530 877 ad
552 830 908 877 humanitatem
931 831 1234 891 temperaret,
1260 828 1390 891 quod
1415 828 1582 875 Numa
1601 843 1614 886 3
1665 827 1748 874 sed
1776 827 1860 889 qui

192 915 295 974 jam
336 912 575 975 expolitos
618 918 665 959 et
706 913 813 974 ipsa
859 911 1136 958 urbanitate
1184 911 1410 973 deceptos
1458 909 1513 955 in
1560 908 1863 970 agnitionem

197 994 417 1041 veritatis
453 995 682 1042 ocularet.
754 993 987 1054 Quaerite
1023 1010 1150 1055 ergo,
1178 992 1218 1039 si
1247 1009 1362 1040 vera
1399 991 1467 1038 sit
1501 991 1597 1038 ista
1633 990 1863 1038 divinitas

202 1075 401 1125 Christi.
475 1077 529 1125 Si
559 1095 613 1124 ea
641 1082 727 1135 est,
755 1094 849 1139 qua
877 1076 1073 1138 cognita
1105 1075 1169 1122 ad
1200 1076 1381 1122 bonum
1413 1074 1522 1136 quis
1558 1073 1861 1129 reformetur,
1882 1095 1932 1122 10

201 1159 431 1221 sequitur,
471 1164 528 1206 ut
568 1160 691 1207 falsa
730 1159 1039 1206 renuntietur
1077 1157 1276 1220 quaevis
1317 1157 1414 1205 alia
1456 1155 1698 1203 contraria
1736 1172 1862 1202 com-

200 1247 366 1303 perta3
426 1241 664 1304 imprimis
711 1241 797 1288 illa
844 1240 978 1287 omni
1023 1240 1224 1296 ratione,
1269 1255 1389 1302 quae
1437 1238 1724 1286 delitescens
1774 1238 1863 1284 sub

201 1322 476 1370 nominibus
512 1327 561 1370 et
595 1322 890 1385 imaginibus
925 1325 1241 1380 mortuorum,
1282 1320 1574 1384 quibusdam
1611 1319 1776 1382 signis,
1815 1324 1865 1366 et

201 1404 460 1465 miraculiS,
490 1409 538 1453 et
562 1405 767 1453 oraculis
790 1404 937 1452 fidem
961 1403 1236 1451 divinitatis
1262 1407 1503 1465 operatur.

824 1570 1048 1618 CAPUT
1086 1570 1252 1617 XXII.
1885 1595 1902 1623 1
1913 1595 1935 1635 5

271 1683 451 1737 ATQUE
487 1683 604 1730 adeo
637 1681 854 1739 dicimus,
881 1697 982 1728 esse
1009 1680 1308 1727 substantias
1336 1679 1564 1742 quasdam
1590 1678 1865 1742 spiritales3

204 1783 291 1813 nec
315 1782 490 1812 nomen
521 1781 698 1812 novum
725 1768 808 1811 est.
881 1763 1049 1812 Sciant
1075 1763 1330 1810 daemonas
1355 1762 1645 1826 philosophi,
1670 1761 1867 1809 Socrate

203 1848 309 1911 ipso
346 1848 406 1894 ad
441 1846 681 1895 daemonii
718 1846 975 1894 arbitrium
1016 1850 1335 1909 exspectante.
1409 1845 1627 1906 Quidni‘l
1675 1861 1784 1891 cum
1820 1847 1869 1890 et

203 1930 301 1993 ipsi
331 1929 634 1977 daemonium
659 1929 929 1977 adhaesisse
955 1945 983 1975 a
1006 1928 1221 1991 pueritia
1254 1927 1457 1986 dicatur,
1484 1926 1868 1974 dehortatorium

203 2013 346 2074 plane
402 2030 430 2059 a
484 2012 621 2058 bono.
716 2011 987 2058 Daemonas
1044 2010 1203 2058 sciunt
1260 2014 1445 2073 poetae,
1494 2009 1646 2056 etiam
1691 2008 1868 2070 vulgus
1887 2030 1940 2058 20

263 2153 298 2181 1.
329 2144 594 2187 Melampus
613 2144 757 2187 Argis
780 2154 788 2180 ι
819 2142 893 2180 the
913 2141 1006 2180 first
1027 2140 1269 2192 soothsayer
1288 2141 1373 2179 and
1391 2139 1608 2191 physician
1627 2152 1779 2190 among
1797 2139 1870 2177 the

206 2206 421 2251 ancients3
450 2206 502 2243 he
521 2204 768 2243 introduced
788 2205 860 2243 the
880 2204 1060 2254 worship
1083 2204 1128 2242 of
1145 2204 1358 2254 Dionysus
1378 2203 1468 2241 into
1488 2203 1658 2250 Greeoe,
1673 2202 1757 2240 and
1777 2202 1870 2240 sub-

207 2267 427 2318 sequently
444 2267 565 2305 ruled
584 2267 798 2305 one-third
828 2266 872 2305 of
896 2266 970 2304 the
998 2266 1200 2317 kingdom
1228 2265 1274 2303 of
1297 2266 1462 2316 Argos3
1491 2265 1636 2303 Cicero
1663 2264 1711 2303 de
1731 2264 1802 2314 leq.
1822 2261 1864 2302 i'i.

211 2340 272 2379 13.
297 2339 360 2378 33.

319 2393 614 2436 Trophonius
635 2392 858 2429 Boeotiae
875 2402 883 2428 ε
914 2389 987 2427 the
1008 2389 1144 2427 oracle
1165 2388 1210 2427 of
1220 2387 1408 2427 Lebadia
1427 2388 1474 2426 in
1493 2385 1668 2425 Boeotia
1685 2399 1695 2433 3
1725 2387 1866 2425 Cicero

208 2453 260 2492 cle
279 2456 367 2492 nat.
391 2452 497 2491 deor.
520 2452 580 2491 iii.
609 2464 669 2503 19.
692 2464 744 2502 49
764 2465 773 2498 3
804 2451 855 2489 de
875 2451 960 2489 div.
982 2452 1011 2490 i.
1034 2463 1097 2501 34.
1122 2459 1184 2502 74.

263 2520 301 2557 4.
335 2509 545 2546 Licuerit
574 2511 621 2545 et
652 2509 850 2546 Christo.
913 2508 923 2526 ‘
940 2506 1042 2544 And
1072 2518 1114 2543 so
1144 2506 1179 2543 it
1206 2504 1349 2543 would
1376 2504 1485 2543 have
1513 2503 1620 2541 been
1647 2502 1868 2541 allowable

207 2570 272 2608 for
291 2568 447 2615 Christ,
466 2572 550 2616 too,
573 2572 618 2607 to
639 2574 702 2608 set
720 2569 833 2607 forth
853 2569 934 2607 His
956 2569 1061 2607 Own
1081 2567 1304 2618 Divinity3
1333 2570 1421 2615 not,
1454 2565 1543 2604 like
1570 2565 1729 2611 Numa,
1758 2563 1868 2603 after

209 2645 234 2670 a
252 2630 423 2669 method
442 2630 499 2680 by
518 2630 655 2668 which
678 2629 785 2682 (qni)
808 2631 878 2668 He
894 2629 1031 2681 might
1051 2629 1186 2668 soften
1208 2657 1217 2666 .
1238 2658 1247 2667 .
1274 2659 1282 2667 .
1302 2641 1312 2675 3
1341 2628 1419 2666 but
1432 2626 1629 2677 whereby
1648 2626 1718 2664 He
1731 2626 1869 2677 might

211 2692 429 2743 enlighten
448 2695 492 2730 to
512 2691 585 2729 the
606 2692 907 2742 apprehension
929 2691 974 2729 of
987 2692 1061 2730 the
1080 2690 1226 2729 Truth.
1251 2720 1260 2728 .
1284 2721 1292 2728 .
1314 2688 1340 2728 .’
1398 2689 1482 2727 For
1500 2688 1587 2726 this
1607 2700 1679 2725 use
1706 2687 1749 2725 of
1775 2700 1868 2726 ocu-

212 2755 301 2793 lare
321 2767 389 2792 see
409 2753 460 2790 de
473 2753 639 2803 paenit.
664 2764 709 2791 12
731 2766 740 2801 ;
769 2753 853 2791 and
872 2753 996 2804 Cypr.
1018 2753 1067 2791 de
1086 2752 1187 2790 idol.
1208 2764 1303 2789 van.
1325 2761 1385 2800 14,
1410 2750 1455 2787 in
1475 2763 1500 2788 a
1519 2749 1815 2800 reproduction
1828 2749 1874 2787 of

209 2817 296 2855 this
316 2828 498 2866 passage.

268 2889 332 2928 14.
362 2879 504 2915 fidem
533 2877 801 2914 divinitatis
837 2879 1069 2922 operatur,
1101 2875 1245 2925 ‘gains
1286 2888 1310 2912 a
1350 2873 1547 2912 credenoe
1579 2872 1643 2911 for
1686 2872 1743 2911 its
1777 2885 1871 2910 own

212 2936 425 2989 divinity.’

269 3009 331 3052 17.
365 3003 552 3039 Socrate
575 3028 587 3039 .
619 3028 628 3037 .
661 3028 669 3036 .
691 3001 1015 3043 exspectante:
1046 2998 1158 3036 Plat.
1179 2997 1308 3047 Apol.
1334 3008 1398 3048 19,
1423 3008 1470 3045 31
1490 3009 1501 3043 ;
1529 3008 1658 3046 comp.
1683 2994 1867 3033 Phaedon

212 3075 281 3114 43,
306 3062 457 3111 leecty.
483 3072 559 3108 103
589 3060 779 3111 Xenoph.
803 3060 925 3099 Mem.
948 3060 975 3097 i.
1000 3070 1017 3096 1
1040 3072 1049 3105 3
1079 3059 1201 3109 Diog.
1220 3059 1358 3097 Laert.
1381 3059 1423 3096 ii.
1449 3069 1513 3107 32.

271 3136 333 3162 20.
362 3128 541 3169 poetae.
589 3122 729 3173 Comp.
757 3122 908 3162 Euseb.
940 3134 1082 3172 praep.
1113 3133 1256 3171 evany.
1287 3134 1329 3162 v.
1357 3132 1408 3170 43
1449 3120 1561 3159 Plat.
1593 3115 1758 3169 Oratyl.
1790 3128 1869 3166 323

213 3186 370 3237 Repub.
390 3199 430 3223 V.
455 3194 515 3234 15.

1023 3264 1058 3301 G
