2154 3564
174 185 271 226 CAP.
289 179 399 231 XV.]
491 173 749 223 adversus
793 171 985 223 Gentes
1009 180 1114 238 pro
1159 169 1503 223 Christianis,
1762 179 1829 237 53

171 317 370 364 deorum
404 316 609 363 dedecus
645 319 917 379 operantur.
988 314 1229 378 Dispicite
1266 315 1587 361 Lentulorum
1623 318 1670 360 et
1706 312 1833 359 Hos-

170 399 386 446 tiliorum
409 403 702 457 venustates,
730 403 896 446 utrum
925 397 1095 445 mimos
1120 414 1183 444 an
1207 397 1319 445 deos
1342 401 1530 443 vestros
1554 396 1606 441 in
1639 394 1758 456 jocis
1787 400 1835 441 et

171 479 380 543 strophis
415 480 644 528 rideatis:
683 495 940 528 MOECHUM
967 479 1202 536 ANUBIM,
1228 482 1278 525 et
1309 491 1595 525 MASCULUM
1627 476 1833 533 LUNAM‚

171 565 220 609 et
255 561 478 609 DIANAM
512 575 906 621 FLAGELLATAM,
945 566 995 609 et
1030 561 1061 608 J
1067 575 1183 608 ovis
1220 574 1416 607 Momm
1457 572 1837 606 TESTAMENTUM

171 643 442 702 recitatum,
485 647 534 691 et
576 659 700 691 TREs
742 645 1022 691 HERCULES
1060 656 1352 690 FAMELICOS
1389 642 1571 688 irrisos.
1645 639 1741 688 Sed
1787 642 1876 692 et5

171 725 465 773 histrionum
517 725 710 772 litterae
759 742 947 773 omnem
1004 724 1288 772 foeditatem
1342 739 1508 770 eorum
1568 721 1836 783 designant.

174 808 334 870 Luget
375 807 459 856 Sol
498 807 654 854 filium
690 810 932 869 jactatum
975 806 1033 854 de
1075 806 1220 864 caelo,
1266 805 1560 852 laetantibus
1602 804 1752 862 vobis,
1789 806 1839 849 et

175 890 354 952 Cybele
395 894 639 952 pastorem
686 890 896 952 suspirat
937 888 1255 946 fastidiosum,
1299 905 1397 935 non
1442 886 1838 934 erubescentibus

172 973 323 1020 vobis.
408 973 477 1019 Et
529 972 780 1020 sustinetis
832 972 863 1018 J
868 970 969 1018 ovis
1017 971 1173 1032 elogia
1226 969 1430 1028 cantari,
1483 973 1530 1016 et
1578 968 1835 1026 Junonem,

173 1056 428 1113 Venerem,
455 1055 727 1103 Minervam
762 1071 790 1101 a
824 1058 1016 1116 pastore
1045 1053 1273 1116 judicari.
1347 1052 1491 1112 Quid,
1519 1052 1648 1114 quod
1682 1051 1840 1112 imago
1861 1070 1909 1096 10

176 1138 253 1186 dei
293 1137 444 1185 vestri
489 1136 862 1199 ignominiosum
909 1139 1056 1197 caput
1097 1139 1146 1182 et
1192 1135 1428 1182 famosum
1469 1133 1651 1182 vestit‘l
1713 1133 1842 1195 quod

176 1236 347 1282 corpus
371 1219 620 1281 impurum
645 1223 694 1265 et
716 1218 777 1265 ad
805 1217 951 1264 istam
984 1220 1137 1264 artem
1167 1215 1521 1264 effeminatione
1552 1215 1843 1278 productum

175 1302 446 1349 Minervam
503 1300 717 1363 aliquam
762 1300 840 1347 Vel
889 1299 1151 1347 Herculem
1208 1299 1581 1361 repraesentatZ
1666 1298 1841 1344 Nonne

174 1385 390 1432 violatur
446 1385 669 1444 majestas
719 1388 767 1430 et
815 1381 1050 1430 divinitas
1099 1385 1438 1444 constupratur
1495 1379 1841 1442 plaudentibus

175 1467 309 1514 vobis
331 1467 347 1513 2
1861 1482 1907 1521 15

245 1548 392 1595 Plane
435 1545 753 1610 religiosiores
795 1546 909 1594 estis
950 1546 1003 1593 in
1045 1562 1202 1605 cavea,
1243 1544 1329 1592 ubi
1375 1560 1518 1606 super
1560 1542 1843 1605 sanguinem

176 1630 457 1687 humanum,
484 1645 627 1690 super
648 1629 1015 1691 inquinamenta
1047 1643 1311 1689 poenarum
1339 1626 1540 1688 proinde
1566 1625 1749 1672 saltant
1775 1623 1845 1671 dii

177 1711 341 1770 vestri,
367 1714 653 1773 argumenta
684 1716 734 1757 et
764 1710 990 1758 historias
1026 1709 1182 1756 noxiis
1219 1708 1565 1766 ministrantes,
1594 1707 1689 1754 nisi
1714 1706 1845 1770 quod

179 1801 227 1842 et
271 1794 399 1856 ipsos
438 1792 549 1840 deos
595 1797 782 1840 vestros
824 1808 962 1855 saepe
1009 1791 1143 1838 noxii
1189 1790 1414 1837 induunt.
1487 1789 1718 1838 Vidimus
1759 1787 1843 1836 ali-

179 1876 371 1938 quando
407 1878 670 1922 castratum
699 1873 848 1936 Atyn,
876 1874 1018 1921 illum
1053 1873 1197 1921 deum
1232 1889 1292 1919 ex
1323 1871 1644 1929 Pessinunte3
1684 1875 1733 1917 et
1759 1869 1843 1933 qui
1862 1890 1912 1916 20

179 1958 320 2005 vivus
343 1956 557 2014 ardebat,
576 1956 836 2003 Herculem
859 1955 1101 2002 induerat.
1163 1953 1375 2001 Risimus
1401 1957 1450 2000 et
1474 1953 1604 1999 inter
1628 1951 1841 1999 ludicras

180 2071 336 2122 Paney.
369 2082 435 2122 49,
474 2070 705 2121 ‘exquisita
738 2069 908 2120 ingenia
939 2065 1164 2107 cenarum.'
1221 2067 1295 2117 Cp.
1325 2067 1488 2105 Arnob.
1513 2066 1567 2104 iv.
1602 2076 1650 2113 23
1688 2065 1744 2103 vi.
1779 2074 1841 2113 13.

180 2133 235 2171 In
262 2132 325 2171 ch.
348 2144 367 2171 2
375 2142 411 2182 5,
438 2131 631 2181 ‘ingenia
659 2131 866 2182 fingendis
895 2126 1200 2169 simulacris'=
1219 2128 1317 2167 ‘the
1347 2127 1484 2166 talent
1515 2127 1560 2166 of
1581 2127 1655 2165 the
1683 2126 1842 2164 Greeks

180 2194 265 2233 and
283 2194 466 2232 Tuscans
481 2193 526 2230 in
544 2192 781 2242 fashioning
800 2189 984 2242 images.’

238 2267 274 2296 1.
304 2257 613 2294 Lentulorum
643 2258 689 2293 et
719 2256 1047 2293 Hostiliorum.
1104 2250 1444 2298 Farce-writers3
1486 2263 1547 2300 cp.
1581 2248 1631 2286 de
1651 2247 1767 2299 pall.
1801 2258 1840 2296 4,

183 2316 437 2367 ‘meritoque
481 2315 768 2366 mimographo
815 2315 997 2353 Lentulo
1040 2315 1085 2352 in
1128 2312 1428 2352 Catinensibus
1472 2307 1841 2350 commemoratus?

192 2379 441 2417 Venastates
461 2395 501 2409 ==
522 2380 533 2397 ‘
547 2375 804 2428 elegancies‚’
825 2382 835 2397 ‘
850 2376 990 2415 choice
1008 2373 1232 2427 passages?

239 2451 275 2488 3.
306 2442 522 2484 strophis,
586 2440 640 2477 In
662 2440 718 2477 its
740 2439 848 2477 later
867 2451 999 2487 sense,
1021 2441 1032 2459 ‘
1046 2438 1178 2476 tricks
1194 2435 1204 2453 ²
1217 2450 1228 2485 3
1257 2450 1319 2487 cp.
1342 2434 1392 2473 de
1411 2433 1550 2485 Spect.
1575 2445 1650 2485 293
1680 2432 1841 2471 Jerom.

182 2501 227 2540 in
246 2501 344 2540 Ruf.
365 2502 423 2540 iii.
452 2512 527 2551 14;
556 2501 699 2540 Senec.
723 2500 835 2551 ΕΜ).
860 2499 922 2538 26.
947 2512 985 2551 5.

291 2565 512 2603 Anubim.
570 2563 646 2602 See
665 2566 776 2611 note,
797 2562 859 2601 ch.
882 2561 919 2600 6.

238 2638 275 2675 4.
307 2627 506 2664 Dianam
524 2627 818 2670 flagellatam.
875 2623 1002 2662 Hom.
1026 2622 1153 2660 Iliad
1171 2621 1255 2660 xxi.
1276 2621 1356 2670 489
1376 2619 1419 2657 ff.

241 2699 277 2737 5.
308 2688 534 2724 Hercules
564 2688 818 2724 famelicos.
885 2686 915 2724 J
921 2690 1003 2723 ests
1038 2696 1092 2722 on
1121 2679 1338 2722 Hercules'
1373 2680 1574 2731 gluttony
1603 2691 1711 2718 were
1742 2690 1843 2729 very

184 2760 397 2794 common3
426 2760 488 2797 cp.
510 2747 654 2797 Eurip.
674 2746 768 2785 Ale.
794 2753 870 2796 747
890 2745 933 2784 ff.

242 2818 278 2860 7.
308 2811 461 2847 filium
475 2810 716 2854 jactatum.
772 2807 1010 2846 Phaethon.

241 2872 278 2910 8.
309 2874 561 2916 pastorem.
617 2869 744 2920 Atys.

296 2933 525 2977 suspirat:
556 2930 694 2981 ‘siglis
722 2927 831 2977 for'3
862 2942 924 2980 cp.
957 2929 986 2968 J
992 2941 1114 2967 uven.
1133 2927 1187 2966 xi.
1209 2938 1312 2977 1523
1341 2926 1456 2964 Tert.
1487 2924 1539 2963 de
1567 2922 1666 2963 cult.
1688 2920 1827 2973 femi

190 3007 209 3032 2
227 3009 236 3039 3
266 2993 309 3031 ii.
331 2992 369 3032 6.

245 3066 306 3094 10.
339 3056 605 3093 Minervam
624 3065 651 3091 a
669 3057 868 3098 pastore.
930 3051 1062 3090 Paris.

247 3128 307 3168 1¹9.
337 3119 569 3155 induunt:
615 3121 624 3135 ⁶
639 3127 803 3154 assume
828 3114 902 3153 the
931 3118 1027 3165 part
1050 3112 1095 3152 of
1104 3110 1114 3128 ’
1128 3125 1138 3161 3
1178 3125 1222 3151 as
1243 3112 1374 3151 Tacit.
1398 3111 1512 3150 Ann.
1534 3109 1618 3148 xvi.
1643 3108 1705 3154 28,
1728 3108 1738 3127 ‘
1753 3105 1845 3145 hos-

189 3182 276 3216 tem
295 3178 477 3217 Thrasea
495 3175 730 3216 induisset?
