2154 3564
327 198 398 267 36
791 198 1123 251 Tertulliani
1157 196 1209 248 Α
1204 196 1530 265 pologetz'czts
1791 206 1907 259 [CAP.
1929 209 2002 247 IX.

326 339 412 404 qui
436 344 697 405 propterea
728 341 976 389 suffocatis
1002 358 1193 405 quoque
1223 344 1273 388 et
1301 339 1571 388 morticinis
1601 339 1913 399 abstinemus,
1939 357 2000 388 ne

325 440 420 486 quo
437 423 672 486 sanguine
693 424 1076 473 contaminemur
1092 423 1171 471 vel
1186 421 1317 469 intra
1333 423 1520 470 viscera
1539 423 1742 485 sepulto.
1780 422 2001 486 Denique

323 505 455 554 inter
472 510 774 554 tentamenta
791 505 1184 554 Christianorum
1200 505 1392 553 botulos
1411 504 1558 552 etiam
1575 522 1742 553 cruore
1763 506 2001 553 distentos

326 588 609 647 admovetis,
652 587 914 636 certissimi
947 587 1146 644 scilicet,
1181 586 1414 635 illicitum
1450 604 1550 635 esse
1583 604 1730 651 penes
1761 588 1884 648 illos,
1912 605 2002 651 per

284 690 308 730 5
326 670 457 734 quod
480 670 755 718 exorbitare
780 687 858 718 eos
884 670 1049 718 vultis.
1119 668 1273 716 Porro
1298 669 1439 733 quale
1464 673 1551 728 est,
1580 674 1637 717 ut
1663 686 1781 733 quos
1807 669 2000 733 sangui-

324 769 436 799 nem
460 752 646 815 pecoris
670 752 868 800 horrere
904 750 1165 809 confiditis,
1191 751 1403 799 humano
1438 751 1631 799 inhiare
1657 752 1877 811 credatis,
1903 751 2000 799 nisi

323 834 450 882 forte
475 833 748 882 suaviorem
784 851 895 882 eum
919 833 1142 897 experti?
1215 833 1370 894 Quem
1395 834 1593 896 quidem
1612 838 1614 840 ’
1632 838 1681 882 et
1704 834 1865 897 ipsum
1888 851 1999 897 pro-

324 915 438 963 inde
475 915 856 963 examinatorem
893 915 1286 964 Christianorum
1327 915 1548 963 adhiberi
1584 920 1641 963 ut
1678 916 1905 974 foculum,
1943 922 2000 963 ut

324 1014 539 1046 acerram
582 998 851 1061 oportebat.
936 998 1146 1046 Proinde
1188 997 1318 1045 enim
1353 998 1680 1060 probarentur
1715 998 2000 1059 sanguinem

260 1099 309 1127 10
323 1081 593 1129 humanum
624 1081 912 1143 appetendo,
941 1079 1347 1143 quemadmodum
1384 1080 1672 1128 sacrificium
1697 1081 1999 1143 respuendo;

323 1162 546 1225 alioquin
570 1163 774 1211 necandi
799 1161 840 1211 si
875 1167 1168 1225 gustassent,
1195 1162 1600 1225 quemadmodum
1627 1162 1667 1209 si
1696 1179 1793 1209 non
1828 1162 1999 1209 immo-

323 1245 520 1293 lassent.
556 1245 624 1292 Et
648 1244 818 1308 utique
843 1262 940 1292 non
966 1245 1151 1293 deesset
1169 1245 1306 1293 vobis
1331 1245 1386 1292 in
1405 1244 1653 1293 auditione
1671 1245 1998 1293 custodiarum

325 1333 375 1381 et
399 1327 709 1376 damnatione
734 1328 933 1391 sanguis
959 1328 1213 1375 humanus.

390 1409 604 1460 Proinde
627 1410 805 1458 incesti
832 1410 917 1473 qui
941 1410 1109 1471 magis,
1132 1427 1276 1473 quam
1301 1426 1421 1472 quos
1445 1409 1548 1474 ipse
1573 1409 1774 1474 Jupiter
1799 1411 1997 1459 docuitZ

260 1511 307 1552 15
325 1494 497 1544 Persas
539 1510 649 1541 cum
690 1493 789 1541 suis
830 1492 1070 1541 matribus
1107 1491 1302 1540 misceri
1339 1492 1526 1541 Ctesias
1561 1495 1729 1542 refert.
1816 1492 1913 1542 Sed
1950 1498 1999 1541 et

326 1575 612 1624 Macedones
635 1576 863 1639 suspecti,
884 1575 998 1639 quia
1014 1592 1165 1637 quum
1187 1575 1399 1638 primum
1426 1575 1672 1638 Oedipum
1697 1577 1999 1639 tragoediam

324 1658 590 1718 audissent,
627 1658 839 1707 ridentes
874 1658 1050 1706 incesti
1084 1658 1312 1717 dolorem,
1339 1662 1509 1717 ἤλαυνε,
1546 1658 1785 1717 dicebant,
1825 1662 1883 1707 εἷς
1923 1662 1999 1718 τὴν

323 1744 497 1802 μητέρα.
568 1742 599 1789 J
604 1759 682 1789 am
717 1758 845 1790 nunc
882 1741 1161 1804 recogitate,
1196 1744 1436 1804 quantum
1472 1740 1617 1788 liceat
1654 1742 1899 1789 erroribus
1936 1742 1998 1789 ad

323 1825 510 1873 incesta
533 1824 792 1883 miscenda,
823 1824 1166 1888 suppeditante
1191 1823 1418 1871 materias
1450 1822 1733 1886 passivitate
1759 1824 1996 1872 luxuriae.

383 1945 418 1973 1.
449 1935 688 1974 suffocatis
719 1946 906 1981 quoque
937 1938 984 1973 et
1013 1935 1294 1973 morticinis.
1352 1932 1459 1971 Acts
1488 1946 1558 1972 xv.
1592 1945 1668 1981 203
1698 1933 1801 1973 Lev.
1823 1933 1922 1975 xxii.
1947 1934 1969 1972 8
1986 1947 1996 1982 3

326 1994 454 2034 Ezek.
475 1995 532 2033 iv.
554 2005 610 2045 44
633 1994 817 2045 (Vulg.).

382 2066 420 2105 3.
450 2058 577 2095 inter
613 2059 912 2101 tentamenta,
943 2058 1019 2096 ete.
1077 2056 1140 2094 As
1170 2068 1195 2093 a
1223 2054 1325 2094 final
1358 2054 1486 2106 proof,
1522 2060 1714 2107 amongst
1743 2056 1863 2095 other
1891 2060 1996 2095 tests

324 2117 492 2169 applied
510 2121 555 2156 to
575 2117 648 2156 the
668 2117 904 2157 Christiane
934 2131 1017 2169 you
1047 2117 1149 2156 offer
1177 2117 1295 2156 them
1324 2117 1535 2168 puddings
1565 2117 1681 2156 filled
1709 2117 1815 2156 with
1845 2118 1994 2157 blood:

326 2179 507 2229 botulus,
528 2179 750 2230 according
770 2183 815 2218 to
835 2179 937 2218 Aul.
958 2179 1124 2219 Gellius
1144 2179 1244 2218 xvii.
1273 2186 1310 2229 7.
1335 2189 1396 2227 ΙΙ,
1419 2179 1454 2217 is
1475 2192 1500 2217 a
1519 2178 1671 2228 vulgar
1689 2180 1804 2218 word
1825 2181 1994 2230 equiva-

323 2242 416 2281 lent
446 2245 491 2281 to
505 2242 744 2292 farcimen,
775 2243 786 2262 ‘
804 2255 829 2280 a
858 2240 1057 2294 sausage'
1071 2255 1082 2290 ;
1112 2254 1244 2292 comp.
1272 2240 1395 2292 Apic.
1425 2240 1468 2279 ii.
1501 2251 1552 2290 5:
1583 2241 1698 2279 Tert.
1735 2254 1828 2280 uses
1863 2242 1911 2289 it,
1945 2242 1997 2280 de

316 2304 461 2357 jejun.
485 2314 519 2348 1,
540 2303 586 2342 of
600 2302 674 2342 the
694 2303 895 2342 stomach.

383 2375 421 2415 5.
450 2366 717 2403 exorbitare
747 2377 840 2404 eOS.
899 2363 976 2403 See
1006 2368 1119 2412 note,
1148 2364 1213 2404 ch.
1242 2362 1279 2403 6.
1336 2362 1426 2402 The
1455 2363 1558 2401 verb
1586 2362 1622 2401 is
1651 2362 1831 2415 perhaps
1859 2364 1996 2404 active

325 2427 437 2475 here,
459 2439 503 2464 as
523 2425 569 2464 in
589 2425 675 2464 Sid.
696 2426 823 2477 Apol.
844 2426 961 2476 ΕΜ).
984 2440 1024 2464 v.
1050 2425 1111 2475 16,
1138 2429 1148 2446 ‘
1163 2429 1208 2465 to
1229 2430 1331 2464 turn
1349 2424 1467 2463 them
1487 2422 1630 2464 aside?

382 2488 420 2527 8.
450 2492 504 2527 ut
523 2489 745 2536 foculum,
766 2491 821 2526 ut
842 2500 1075 2526 acerram:
1109 2487 1218 2539 ‘just
1247 2501 1292 2526 as
1315 2487 1440 2525 much
1465 2500 1510 2525 as
1540 2486 1614 2525 the
1634 2487 1796 2526 brazier
1815 2488 1900 2527 and
1919 2488 1993 2528 the

325 2550 594 2588 incense-box
607 2548 617 2566 '
635 2564 644 2589 :
664 2550 783 2588 these
798 2563 908 2588 were
924 2550 997 2588 the
1011 2550 1131 2588 usual
1145 2551 1405 2587 tentamenta
1423 2548 1769 2594 Christianorum,
1783 2549 1856 2588 the
1870 2550 1996 2589 burn-

324 2611 399 2662 ing
419 2611 464 2651 of
480 2625 505 2650 a
523 2611 605 2650 few
624 2611 766 2662 grains
787 2611 833 2649 of
847 2611 1015 2650 incense
1036 2612 1122 2650 and
1141 2610 1347 2660 invoking
1366 2610 1440 2649 the
1459 2610 1605 2660 genius
1627 2610 1672 2649 of
1686 2611 1759 2649 the
1779 2624 1968 2663 emperor
1985 2624 1996 2660 3

326 2673 390 2711 ch.
416 2673 477 2718 28,
501 2684 549 2723 32
571 2685 581 2721 3
611 2673 662 2711 de
690 2672 793 2711 idol.
820 2683 883 2722 24,
908 2674 981 2712 ‘ut
999 2672 1263 2712 idololatriae
1283 2672 1536 2711 devitandae
1557 2685 1812 2711 vacaremus.
1874 2673 1995 2712 Haec

326 2734 408 2773 erit
426 2735 494 2772 lex
513 2737 655 2773 nostra
677 2765 686 2773 .
711 2764 720 2773 .
745 2763 754 2773 .
776 2733 944 2785 propria
972 2734 1318 2778 Christianorum,
1339 2745 1414 2783 per
1439 2746 1566 2784 quam
1591 2733 1645 2771 ab
1669 2732 1846 2772 ethnicis
1867 2747 1994 2784 agno-

326 2795 480 2834 scimur
500 2799 542 2834 et
563 2795 854 2834 examinamur
868 2792 878 2810 '
895 2808 905 2842 ;
935 2795 1031 2833 adv.
1052 2795 1191 2835 Mare.
1222 2795 1251 2833 i.
1278 2802 1342 2845 27,
1367 2797 1378 2814 ‘
1391 2794 1494 2845 quid
1514 2807 1598 2832 non
1620 2802 1663 2832 et
1682 2794 1727 2832 in
1745 2795 1993 2846 persecutio-

326 2858 449 2897 nibus
482 2859 626 2897 statim
658 2858 798 2897 oblata
836 2871 978 2897 acerra
1009 2859 1193 2897 animam
1230 2857 1455 2908 negatione
1485 2854 1687 2896 lucraris'
1702 2858 1714 2896 2
1772 2858 1882 2895 Acta
1920 2856 1993 2894 SS.

327 2920 450 2970 Perp.
483 2923 526 2958 et
552 2919 679 2958 Felie.
710 2920 752 2957 ii.
785 2930 820 2967 2,
853 2919 964 2958 ‘Fac
1000 2932 1162 2958 sacrum
1190 2933 1264 2970 pro
1294 2918 1430 2958 salute
1458 2919 1772 2969 imperatorum.
1831 2917 1887 2956 Et
1918 2930 1994 2967 ego

327 2981 536 3032 respondi,
557 2981 658 3019 Non
677 2978 813 3020 facio.’
871 2980 1022 3021 Euseb.
1046 2982 1102 3020 iv.
1129 2989 1191 3028 15.

387 3054 449 3081 12.
483 3045 818 3089 custodiarum,
843 3043 855 3062 ‘
870 3042 915 3080 of
929 3041 1167 3093 prisoners,'
1187 3056 1231 3082 as
1252 3042 1400 3091 below,
1422 3041 1484 3081 ch.
1505 3052 1582 3092 443
1612 3041 1779 3079 sueton.
1809 3039 1901 3078 Tib.
1925 3039 1993 3087 61,

329 3106 341 3126 ‘
356 3105 402 3142 in
421 3104 764 3154 recognoscendis
785 3102 1011 3143 custodiis?

387 3176 448 3216 19.
482 3166 815 3211 suppeditante
848 3192 858 3203 .
886 3196 895 3205 .
933 3194 941 3202 .
972 3167 1199 3203 luxuriae.
1259 3166 1269 3184 ‘
1289 3164 1377 3203 The
1409 3163 1786 3215 promiscuousness
1818 3162 1864 3200 of
1889 3174 1996 3212 your

327 3227 554 3280 profligacy
574 3227 798 3279 supplying
818 3226 892 3265 the
912 3228 1122 3266 occasions
1139 3225 1183 3265 of
1199 3223 1359 3265 incest.'
