2154 3564
212 185 311 224 CAP.
334 181 506 232 XX1V.]
580 174 839 225 adversus
884 173 1077 225 Gentes
1101 183 1207 241 pro
1252 173 1600 226 Christianis.
1799 173 1863 240 89

209 316 556 363 memoratione
580 333 757 375 eorum,
784 333 907 379 quae
932 316 1024 364 sibi
1047 334 1075 364 a
1100 317 1202 363 Deo
1232 333 1320 379 per
1350 316 1592 363 arbitrum
1617 314 1867 364 Christum

207 397 512 445 imminent-ia
534 402 827 460 exspectant.
893 397 1142 446 Christum
1164 399 1390 446 timentes
1414 398 1465 444 in
1490 399 1608 456 Deo,
1635 403 1684 445 et
1709 398 1867 445 Deum

208 479 262 526 in
288 479 498 537 Christo,
525 480 851 541 subjiciuntur
886 480 1036 528 servis
1073 480 1168 527 Dei
1204 484 1254 527 et
1291 480 1490 528 Christi.
1561 480 1641 528 Ita
1665 480 1723 527 de
1757 497 1866 527 con-

208 565 347 608 tactu
372 561 525 623 deque
549 562 713 609 afflatu
736 568 900 610 nostro
926 562 1331 625 contemplatione
1355 567 1404 610 et
1429 562 1866 625 repraesentatione

207 641 337 704 ignis
372 642 506 690 illius
542 644 765 706 correpti,
793 644 940 691 etiam
963 645 1021 691 de
1047 644 1326 707 corporibus
1358 651 1522 692 nostro
1557 643 1760 706 imperio
1786 660 1865 689 ex-
1883 669 1904 706 5

206 724 386 770 cedunt
421 724 565 771 inviti
590 731 640 771 et
664 725 894 784 dolentes,
921 731 968 772 et
993 725 1130 773 vobis
1163 726 1495 787 praesentibus
1521 727 1866 773 erubescentes.

209 805 406 853 Credite
441 805 555 865 illis,
584 824 695 854 cum
723 825 893 854 verum
916 807 973 854 de
1010 824 1058 854 se
1094 807 1376 869 loquuntur,
1404 807 1488 869 qui
1523 806 1869 854 mentientibus

207 888 416 935 creditis.
487 889 642 936 Nemo
679 889 740 935 ad
774 906 916 936 suum
950 889 1155 937 dedecus
1190 890 1440 946 mentitur,
1466 890 1585 952 quin
1620 889 1783 951 potius
1807 888 1869 935 ad

206 970 447 1018 honorem.
518 971 678 1033 Magis
716 971 833 1019 fides
874 988 1025 1034 prona
1061 975 1133 1019 est
1168 972 1397 1019 adversus
1441 972 1718 1033 semetipsos
1756 987 1869 1018 con-

206 1051 416 1110 fitentes,
445 1069 590 1115 quam
620 1069 707 1115 pro
733 1053 1001 1115 semetipsis
1026 1059 1268 1115 negantes.
1341 1054 1475 1101 Haec
1501 1053 1708 1116 denique
1731 1052 1866 1100 testi·
1888 1066 1937 1092 10

206 1133 370 1181 monia
412 1134 609 1181 deorum
645 1139 918 1182 vestrorum
958 1134 1261 1183 Christianos
1303 1136 1460 1182 facere
1502 1140 1868 1192 consueverunt,

206 1215 320 1276 quia
344 1215 609 1277 plurimum
634 1216 732 1263 illis
762 1217 998 1264 credendo
1023 1217 1218 1264 Christo
1243 1217 1435 1264 domino
1461 1217 1713 1264 credimus.
1768 1217 1870 1281 Ipsi

205 1297 485 1344 litterarum
531 1302 807 1345 nostrarum
853 1298 997 1346 fidem
1043 1299 1327 1356 accendunt,
1374 1298 1470 1362 ipsi
1518 1300 1620 1362 spei
1677 1303 1869 1346 nostrae

204 1378 450 1426 fidentiam
487 1379 756 1427 aedificant.
828 1379 898 1428 At
936 1379 1092 1427 colitis
1127 1380 1249 1438 illos,
1277 1381 1405 1443 quod
1440 1381 1599 1437 sciam,
1626 1380 1774 1428 etiam
1809 1381 1868 1427 de

205 1461 434 1523 sanguine
460 1461 864 1511 Christianorum.
937 1463 1139 1509 Nollent
1162 1462 1324 1526 itaque
1349 1480 1432 1510 vos
1458 1469 1557 1510 tam
1581 1464 1864 1519 fructuosos,
1887 1473 1933 1513 15

203 1547 306 1590 tam
341 1544 568 1591 officiosos
605 1543 697 1590 sibi
721 1544 957 1602 amittere,
984 1545 1061 1592 vel
1085 1561 1144 1592 ne
1171 1562 1199 1591 a
1223 1544 1357 1592 vobis
1391 1545 1677 1607 quandoque
1704 1544 1866 1592 Chris-

204 1625 351 1672 tianis
375 1626 618 1687 fugentur,
636 1626 678 1673 si
701 1625 797 1672 illis
824 1627 912 1673 sub
935 1626 1227 1685 Christiano,
1245 1627 1431 1675 volente
1450 1626 1587 1675 vobis
1610 1626 1867 1675 veritatem

204 1708 423 1769 probare,
451 1707 649 1755 mentiri
673 1708 855 1756 liceret.

818 1923 1042 1975 CAPUT
1079 1927 1259 1975 XXIV.

274 2064 443 2112 Omns
484 2063 579 2111 ista
616 2063 848 2111 confessio
888 2063 1096 2124 illorum,
1135 2082 1230 2128 qua
1273 2083 1321 2114 se
1369 2066 1483 2114 deos
1529 2070 1708 2129 negant
1750 2082 1864 2126 esse,
1888 2086 1937 2113 20

205 2163 396 2210 quaque
440 2163 538 2193 non
591 2146 740 2193 alium
787 2146 946 2194 Deum
999 2148 1292 2210 respondent
1338 2153 1534 2211 praeter
1569 2149 1749 2206 Unum,
1788 2148 1867 2195 cui

260 2318 296 2356 3.
328 2309 404 2346 Ita
425 2310 482 2346 de
503 2310 723 2347 contactu
749 2308 899 2351 deque
920 2308 1088 2347 afflatu.
1147 2307 1370 2360 Referring
1395 2311 1439 2347 to
1464 2308 1538 2347 the
1561 2309 1692 2348 ritual
1712 2314 1800 2349 acts
1821 2310 1866 2347 in

205 2369 278 2407 the
297 2382 517 2420 ceremony
536 2369 580 2408 of
596 2369 796 2408 exorcism
815 2382 824 2406 ε
854 2382 985 2418 comp.
1006 2370 1079 2407 the
1098 2370 1237 2409 Greek
1260 2371 1340 2409 rite
1363 2371 1605 2409 mentioned
1624 2371 1669 2409 in
1689 2370 1761 2409 the
1782 2372 1864 2422 (so-

204 2431 357 2480 called)
383 2431 558 2469 seventh
586 2444 719 2469 canon
749 2429 793 2468 of
814 2430 1161 2481 Constantinople
1182 2431 1306 2481 (with
1326 2429 1510 2483 Bright's
1535 2435 1666 2481 notes,
1685 2446 1724 2483 p.
1745 2433 1860 2483 187);

205 2492 290 2530 and
309 2505 378 2531 see
398 2492 624 2531 EXORCISM
642 2493 687 2530 in
707 2491 824 2530 Dice.
847 2489 946 2530 Chr.
966 2492 1070 2531 Ant.

257 2567 299 2605 4.
343 2557 775 2600 repraesentatione
823 2555 949 2599 ignis
996 2556 1128 2593 illius
1175 2557 1392 2600 correpti.
1458 2556 1546 2594 The
1585 2555 1787 2595 formulae
1827 2556 1872 2595 of

205 2615 405 2654 exorcism
448 2616 662 2666 generally
694 2614 917 2653 contained
951 2628 977 2652 a
1004 2615 1212 2655 reference
1245 2621 1290 2655 to
1322 2617 1395 2655 the
1425 2616 1566 2655 future
1596 2617 1867 2668 punishment

205 2677 250 2715 of
272 2677 346 2715 the
366 2677 448 2715 evil
476 2677 629 2727 spirits.
686 2677 771 2714 For
788 2675 862 2713 the
885 2677 1000 2725 iynis
1028 2676 1104 2715 ille
1125 2690 1192 2716 see
1212 2677 1251 2717 S.
1275 2678 1404 2717 Matt.
1424 2691 1518 2717 xxv.
1540 2690 1608 2728 41,
1625 2680 1636 2698 ⁶
1651 2678 1867 2718 Discedite

204 2752 229 2777 a
260 2738 336 2776 Me
366 2738 578 2777 maledicti
604 2738 649 2776 in
673 2738 815 2789 ignem
842 2740 1073 2787 aeternum,
1094 2739 1166 2789 qui
1184 2746 1355 2791 paratus
1375 2743 1438 2778 est
1459 2740 1624 2779 diabolo
1644 2744 1686 2779 et
1705 2741 1865 2792 angelis

203 2800 319 2855 ejus.’

258 2877 295 2915 9.
327 2866 480 2910 Magis
500 2866 616 2903 fides
635 2877 784 2910 prona
804 2867 875 2902 est
901 2865 1123 2903 adversus
1144 2895 1154 2904 .
1178 2896 1187 2904 .
1212 2896 1220 2904 .
1240 2870 1477 2911 negantes,
1534 2865 1623 2905 The
1658 2870 1864 2906 construc-

202 2926 294 2965 tion
321 2927 357 2965 is
383 2939 488 2977 very
511 2926 637 2963 harsh
666 2925 703 2964 if
732 2926 805 2965 the
832 2930 925 2966 text
951 2927 1003 2965 be
1031 2931 1201 2966 correct.
1258 2927 1378 2965 Some
1408 2927 1499 2966 edd.
1524 2928 1624 2966 read
1652 2928 1699 2966 in
1727 2928 1865 2967 before

203 2988 413 3028 adversus.
477 2987 710 3025 Woodham
738 2988 1019 3028 understands
1048 2988 1244 3028 adversus
1272 3001 1317 3027 as
1337 3006 1373 3020 =
1393 3002 1505 3039 crya,
1533 2989 1617 3028 and
1642 2990 1716 3028 the
1744 3004 1864 3041 argu—

203 3054 323 3088 ment
343 3054 388 3088 to
406 3050 459 3088 be
480 3051 490 3069 ‘
503 3049 634 3087 credit
654 3049 689 3087 is
710 3062 822 3087 more
842 3050 975 3100 easily
995 3049 1120 3100 given
1145 3055 1190 3088 to
1210 3049 1330 3089 those
1348 3050 1442 3088 who
1467 3050 1624 3090 confess
1650 3052 1745 3091 that
1763 3052 1866 3103 they

204 3125 276 3149 are
295 3111 379 3150 bad
397 3111 503 3150 than
522 3115 566 3150 to
585 3110 704 3150 those
723 3110 817 3149 who
840 3111 953 3162 deny
971 3109 1032 3150 it.’
1090 3111 1203 3150 ‘Yet
1227 3125 1306 3166 pro
1331 3114 1556 3164 semetipsis
1583 3126 1713 3152 seems
1741 3117 1787 3152 to
1813 3114 1864 3152 be

206 3176 349 3212 meant
367 3177 411 3212 to
432 3185 594 3212 answer
614 3173 814 3212 adversus
833 3170 1095 3225 semetipsos!
