2154 3564
195 231 294 271 CAP.
316 227 468 278 XL11.]
561 218 821 272 adversus
864 217 1067 270 Gentes
1082 226 1186 285 pro
1233 217 1576 272 Christianis.
1751 233 1851 284 129

196 363 355 411 nimus
391 362 596 426 gratiam
637 380 723 411 nos
759 364 931 411 debere
968 364 1071 410 Deo
1110 361 1321 409 Domino
1364 362 1615 422 Creatori;
1666 363 1855 410 nullum

196 442 409 490 fructum
449 458 647 503 operum
688 444 789 503 ejus
826 441 1170 504 repudiamus;
1222 441 1367 502 plane
1415 444 1754 503 temperamus,
1797 458 1856 488 ne

197 523 327 570 ultra
350 523 545 570 modum
571 528 657 570 aut
688 540 940 586 perperam
974 527 1184 570 utamur.
1259 523 1433 584 Itaque
1468 539 1563 569 non
1600 522 1702 569 sine
1738 523 1854 581 foro,

197 623 294 652 non
318 606 420 652 sine
446 606 659 664 macello,
681 623 777 652 non
802 605 903 652 sine
927 604 1124 662 balneis,
1149 604 1377 662 tabernis,
1397 604 1610 662 officinis,
1639 603 1858 659 stabulis,

198 687 429 739 nundinis
459 688 650 746 vestriS,
683 687 950 749 ceterisque
989 685 1283 733 commerciis
1316 685 1648 733 cohabitamus
1683 685 1735 732 in
1769 685 1893 737 hoc5

198 771 396 818 saeculo.
467 770 768 834 Navigamus
794 774 842 817 et
867 787 954 820 nos
977 769 1226 817 vobiscum
1252 773 1301 816 et
1325 769 1603 827 militamus,
1631 772 1681 815 et
1711 767 1860 815 rusti-

198 868 376 910 camur,
397 855 446 899 et
468 869 767 911 mercamur3
804 851 1004 914 proinde
1038 851 1291 898 miscemus
1318 856 1459 909 artes,
1480 867 1645 912 operas
1670 854 1860 897 nostras

199 934 500 996 publicamus
546 934 657 980 usui
703 938 878 981 vestro.
966 933 1217 993 Quomodo
1271 932 1565 979 infructuosi
1610 931 1862 979 videamur

199 1016 407 1079 negotiis
431 1016 620 1074 vestris,
645 1033 754 1063 cum
779 1015 956 1078 quibus
986 1019 1035 1062 et
1073 1015 1130 1062 de
1164 1015 1342 1077 quibus
1368 1014 1591 1072 vivimus,
1617 1031 1713 1061 non
1751 1014 1861 1060 seio.

201 1096 298 1145 Sed
332 1097 374 1145 si
409 1097 729 1145 caeremonias
754 1101 864 1144 tuas
901 1114 997 1143 non
1032 1097 1305 1159 frequento,
1334 1100 1549 1143 attamen
1582 1099 1631 1142 et
1665 1095 1752 1142 illa
1783 1094 1860 1141 die
1880 1114 1929 1141 10

199 1179 339 1226 homo
364 1195 482 1226 sum.
539 1179 652 1226 Non
676 1179 784 1225 lavo
809 1179 898 1225 sub
922 1183 1112 1225 noctem
1138 1178 1494 1236 Saturnalibus,
1515 1194 1574 1225 ne
1599 1183 1647 1225 et
1671 1181 1863 1225 noctem

199 1266 248 1309 et
272 1261 400 1308 diem
424 1261 650 1323 perdam;
688 1265 903 1308 attamen
927 1261 1032 1308 lavo
1052 1265 1101 1308 et
1124 1261 1288 1308 debita
1312 1261 1429 1308 hora
1452 1266 1502 1308 et
1527 1259 1722 1319 salubri,
1741 1276 1864 1322 quae

200 1342 321 1389 mihi
348 1347 398 1390 et
423 1343 631 1390 calorem
655 1346 703 1390 et
728 1342 1015 1404 sanguinem
1044 1347 1201 1390 servet
1216 1359 1230 1402 3
1267 1343 1425 1405 rigere
1458 1347 1506 1389 et
1541 1342 1722 1404 pallere
1754 1346 1864 1404 post

199 1425 447 1472 lavacrum
493 1429 716 1472 mortuus
763 1441 970 1486 possum.
1054 1425 1169 1472 Non
1215 1425 1268 1471 in
1314 1425 1507 1487 publico
1554 1424 1862 1471 Liberalibus

200 1508 462 1566 discumbo,
504 1507 633 1569 quod
679 1507 922 1554 bestiariis
970 1524 1242 1570 supremam
1290 1506 1575 1554 cenantibus
1615 1523 1716 1553 mos
1754 1511 1931 1565 est315

200 1593 417 1637 attamen
445 1590 531 1637 ubi
559 1589 645 1635 ubi
670 1589 729 1636 de
754 1589 904 1652 copiis
936 1589 1035 1636 tuis
1066 1606 1193 1636 ceno.
1265 1589 1380 1635 Non
1412 1605 1518 1635 emo
1550 1588 1701 1650 capiti
1731 1605 1862 1635 coro-

201 1688 324 1718 nam.
380 1671 511 1730 Quid
530 1676 615 1718 tua
638 1671 855 1728 interest,
873 1671 1049 1733 emptis
1069 1671 1383 1717 nihilominus
1408 1670 1608 1717 fioribus
1628 1670 1865 1732 quomodo

199 1755 347 1806 utar?
383 1758 500 1815 puto
524 1753 713 1815 gratius
740 1750 884 1819 [esse]
912 1753 1079 1800 liberis
1104 1757 1154 1799 et
1187 1753 1358 1801 solutis
1384 1758 1432 1799 et
1456 1753 1671 1814 undique
1694 1751 1863 1814 vagis3

202 1836 287 1883 sed
322 1835 414 1883 etsi
442 1836 494 1881 in
529 1852 751 1889 coronam
787 1835 977 1895 coactis,
1010 1852 1096 1882 nos
1132 1852 1355 1883 coronam
1390 1834 1589 1881 naribus
1624 1833 1864 1890 novimus,

202 1917 416 1964 viderint
443 1917 528 1979 qui
563 1934 649 1980 per
682 1917 911 1979 capillum
948 1917 1221 1965 odorantur.
1295 1916 1589 1979 Spectaculis
1624 1932 1721 1963 non
1757 1932 1863 1963 con-
1883 1926 1934 1953 20

202 1998 451 2057 venimus;
489 2016 611 2060 quae
646 2003 808 2046 tamen
843 1999 974 2061 apud
1009 1999 1117 2046 illos
1153 2002 1316 2047 coetus
1352 1997 1670 2045 venditantur
1708 1997 1749 2044 si
1784 1998 1864 2044 de-

204 2081 492 2139 sideravero,
518 2081 750 2128 libentius
784 2081 842 2128 de
867 2080 967 2128 suis
1000 2081 1116 2128 locis
1142 2097 1341 2127 sumam.
1432 2080 1562 2126 Tura
1596 2080 1739 2141 plane
1768 2096 1867 2126 non

202 2162 440 2222 emimus3
502 2163 543 2210 si
588 2161 800 2211 Arabiae
849 2167 1133 2225 queruntur,
1185 2162 1338 2209 scient
1397 2160 1570 2209 Sabaei
1615 2160 1770 2224 pluris
1817 2166 1866 2208 et

262 2304 295 2332 1.
325 2296 511 2332 nullum
536 2295 740 2332 fructum
763 2324 772 2332 .
797 2324 806 2333 .
830 2324 838 2332 .
860 2296 1162 2339 repudiamus
1182 2307 1192 2332 ι
1237 2296 1323 2332 ‘we
1353 2292 1405 2331 do
1432 2296 1506 2331 not
1533 2293 1663 2344 reject
1688 2292 1761 2331 the
1781 2292 1863 2330 due

205 2355 446 2406 enjoyment
474 2356 518 2394 of
541 2369 628 2407 any
647 2355 693 2394 of
716 2356 798 2393 His
817 2354 1003 2402 works';
1033 2369 1058 2393 a
1087 2355 1268 2393 dualism
1291 2355 1545 2405 resembling
1570 2367 1683 2392 more
1710 2367 1755 2392 or
1779 2354 1860 2392 less

206 2415 511 2455 Manichaeism
537 2430 623 2455 was
652 2417 751 2455 held
778 2417 835 2468 by
864 2429 976 2456 some
1008 2416 1209 2455 heretical
1236 2420 1353 2455 sects.
1412 2416 1539 2455 Clem.
1560 2416 1684 2454 Alex.
1712 2414 1862 2454 Strom.

205 2477 264 2515 iii.
287 2476 336 2525 63
364 2479 475 2516 Tert.
498 2479 596 2517 adv.
618 2478 758 2518 Marc.
778 2479 806 2517 i.
832 2489 892 2528 14.

265 2540 304 2581 6.
332 2543 578 2579 vobiscum
598 2544 645 2578 et
664 2543 935 2579 militamus.
983 2540 1060 2578 See
1078 2544 1190 2588 note,
1211 2540 1273 2578 ch.
1290 2541 1338 2589 38
1357 2553 1366 2587 ;
1393 2540 1472 2578 but
1490 2540 1611 2587 later,
1623 2539 1669 2578 in
1688 2539 1737 2578 de
1749 2539 1862 2589 pall.

209 2615 259 2655 53
298 2603 346 2642 de
383 2615 513 2641 coron.
547 2613 607 2646 ΙΙ,
636 2602 872 2641 Tertullian
905 2602 1275 2640 discountenances
1308 2601 1497 2652 military
1525 2600 1683 2639 service
1714 2613 1761 2639 as
1799 2601 1864 2639 in-

207 2665 379 2714 volving
398 2676 452 2701 an
472 2663 572 2701 oath
590 2663 884 2714 incompatible
903 2663 1010 2701 with
1028 2663 1101 2701 the
1119 2663 1343 2713 baptismal
1363 2676 1467 2701 vow.

267 2738 327 2766 11.
361 2726 701 2764 Saturnalibus
771 2724 859 2762 The
888 2723 1162 2763 Saturnalian
1192 2724 1362 2763 festival
1388 2726 1526 2775 began
1553 2736 1608 2762 on
1635 2724 1866 2763 December

212 2796 273 2839 17,
306 2787 391 2826 and
419 2786 492 2825 the
521 2785 737 2837 following
765 2788 942 2824 salubri
974 2785 1103 2824 refers
1134 2790 1178 2824 to
1208 2786 1282 2824 the
1313 2786 1401 2824 risk
1429 2785 1474 2824 of
1502 2799 1528 2824 a
1561 2785 1662 2824 chill
1695 2786 1743 2824 in
1772 2786 1866 2825 cold

208 2849 407 2888 weather.

268 2921 328 2960 14.
359 2910 670 2947 Liberalibus.
729 2907 819 2946 The
838 2907 1147 2947 Bacchanalian
1165 2907 1361 2955 festiva13
1390 2921 1518 2959 comp.
1541 2907 1590 2948 de
1607 2911 1732 2960 spect.
1754 2919 1800 2958 5:
1829 2909 1865 2948 it

207 2971 343 3022 began
362 2984 418 3009 on
437 2970 587 3008 March
610 2976 671 3019 17.

269 3043 329 3082 15.
359 3033 607 3070 bestiariis.
665 3030 742 3069 See
760 3034 872 3075 note,
894 3030 956 3069 ch.
978 3042 1015 3081 9.
1073 3030 1213 3081 Comp.
1234 3031 1348 3069 Acta
1367 3030 1443 3070 SS.
1465 3031 1593 3083 Perp.
1615 3035 1654 3071 et
1673 3031 1758 3072 Fet.
1780 3044 1818 3082 4.

210 3137 213 3139 ,
269 3092 331 3132 16.
363 3095 474 3131 Non
494 3105 597 3130 emo
618 3094 761 3137 capiti
779 3104 1011 3131 coronam.
1068 3091 1143 3130 See
1165 3091 1212 3131 de
1232 3105 1370 3131 coron.
1394 3104 1431 3143 5.

267 3165 330 3193 20.
361 3156 583 3192 viderint.
641 3153 718 3191 See
737 3158 848 3200 note,
871 3153 936 3193 ch.
962 3152 1023 3193 16.
1166 3198 1169 3201 ‚

267 3226 330 3253 22.
363 3217 487 3254 Tura
505 3217 643 3261 plane
663 3227 760 3253 non
779 3217 988 3253 emimus.
1046 3214 1123 3254 See
1141 3218 1254 3265 note,
1274 3215 1336 3254 ch.
1360 3225 1424 3265 30.

1018 3298 1058 3332 K
