2154 3564
182 235 280 272 CAP.
297 227 433 280 V111.]
509 221 771 273 adversus
813 220 1006 272 Gentes
1030 228 1136 286 pro
1168 213 1523 273 Christianis,
1780 238 1810 291 3
1825 237 1843 271 ι

183 361 285 409 Cur
303 378 416 425 ergo
440 360 528 409 alii
550 361 754 424 possint,
780 361 822 410 si
846 378 932 410 vos
958 378 1055 409 non
1077 360 1318 425 potestis?
1390 361 1494 409 Cur
1518 378 1615 408 non
1639 362 1848 425 possitis,

183 443 225 491 si
259 443 344 491 alii
377 445 612 506 possunt?
681 443 797 491 Alia
833 460 935 502 nos,
971 442 1159 506 opinor,
1197 446 1404 502 natura;
1457 459 1728 505 cynopaene
1764 449 1851 491 aut

182 524 466 588 sciapodes2
537 525 641 572 Alii
679 526 872 574 ordines
915 525 1151 584 dentium,
1191 524 1278 572 alii
1319 524 1381 572 ad
1418 523 1652 572 incestam
1688 525 1850 571 libidi-

183 623 293 655 nem
328 607 500 655 nervi‘l
571 607 670 668 Qui
711 607 809 656 ista
860 606 1015 656 credis
1057 607 1116 654 de
1152 606 1362 666 homine,
1403 610 1543 669 potes
1587 612 1636 655 et
1682 607 1852 654 facere.

184 688 346 736 Homo
367 706 415 737 es
439 694 488 737 et
511 689 629 753 ipse,
658 690 786 752 quod
810 693 860 737 et
886 688 1209 737 Christianus.
1281 687 1380 749 Qui
1404 705 1502 735 non
1525 693 1662 751 potes
1686 689 1851 746 facere,
1870 710 1892 750 5

184 787 283 818 non
319 771 463 819 debes
499 772 707 820 credere.
780 767 1049 819 Homo'est
1072 770 1202 819 enim
1225 774 1275 819 et
1306 770 1627 829 ChristiaDUS,
1654 776 1703 818 et
1727 771 1856 834 quod

187 856 237 900 et
259 856 331 900 tu.

257 934 354 983 Sed
394 934 736 996 ignorantibus
778 935 1040 998 subjicitur
1079 925 1136 982 θίῖ
1170 934 1455 997 imponitur.
1546 934 1688 981 Nihil
1726 935 1856 982 enim

186 1016 283 1064 tale
319 1015 377 1064 de
409 1016 702 1064 Christianis
737 1016 1003 1065 asseverari
1037 1015 1268 1076 sciebant,
1297 1017 1652 1064 observandum
1687 1016 1857 1078 utique

187 1097 282 1146 sibi
317 1102 366 1146 et
404 1098 535 1145 omni
570 1098 833 1161 vigilantia
868 1098 1283 1161 investigandum.
1356 1097 1547 1161 Atquin
1582 1098 1858 1146 volentibus
1877 1118 1926 1144 10

187 1179 377 1227 initiari
401 1180 548 1228 moris
573 1184 661 1239 est,
687 1180 875 1243 opinor,
901 1180 1039 1243 prius
1063 1185 1254 1243 patrem
1277 1180 1420 1227 illum
1443 1197 1685 1229 sacrorum
1708 1180 1859 1240 adire,

189 1278 311 1325 quae
345 1263 682 1325 praeparanda
723 1263 823 1311 sint
860 1263 1143 1311 describere.
1214 1263 1343 1310 Tum
1382 1263 1497 1311 ille:
1558 1263 1729 1311 Infans
1766 1263 1860 1310 tibi

186 1344 499 1403 necessarius,
528 1345 688 1392 adhuc
712 1348 863 1404 tener,
890 1345 976 1408 qui
1011 1344 1195 1393 nesciat
1218 1349 1438 1404 mortem,
1466 1345 1552 1407 qui
1586 1346 1677 1393 sub
1702 1346 1859 1393 cultro

187 1430 272 1474 tuo
297 1425 489 1486 rideat3
525 1426 644 1475 item
678 1427 835 1490 panis,
862 1444 957 1489 quo
993 1428 1248 1490 sanguinis
1274 1426 1598 1489 jurulentiam
1633 1427 1830 1489 colligas
1845 1443 1858 1485 3

188 1513 438 1571 praeterea
472 1509 763 1558 candelabra
788 1516 836 1558 et
873 1510 1113 1569 lucernae,
1139 1513 1189 1558 et
1226 1526 1368 1557 canes
1400 1508 1555 1571 aliqui
1587 1513 1637 1557 et
1669 1509 1857 1568 offulae,
1879 1537 1925 1578 15

192 1607 315 1653 quae
333 1589 441 1638 illos
466 1591 529 1638 ad
546 1592 842 1640 eversionem
865 1591 1104 1639 luminum
1130 1591 1410 1650 extendant,
1433 1595 1547 1638 ante
1570 1592 1728 1638 omnia
1753 1609 1862 1638 cum

191 1677 349 1720 matre
378 1677 428 1720 et
457 1689 617 1721 sorore
650 1678 739 1722 tua
763 1672 927 1721 venire
957 1674 1170 1721 debebis.
1223 1673 1387 1739 =Quid,
1415 1673 1458 1722 si
1493 1673 1759 1731 noluerint,
1785 1673 1864 1721 vel

193 1754 356 1802 nullae
380 1755 600 1803 fuerint?
672 1756 804 1816 Quid
829 1750 1037 1818 denique
1069 1755 1338 1819 singulares
1375 1755 1681 1803 Christiani2
1751 1756 1864 1802 Non

194 1836 301 1895 erit,
319 1836 504 1899 opinor,
520 1838 767 1900 legitimus
793 1838 1117 1898 Christianus,
1140 1838 1236 1886 nisi
1260 1839 1412 1885 frater
1435 1841 1523 1885 aut
1546 1837 1691 1885 filius.
1733 1837 1866 1898 Quid

195 1935 336 1978 nunc,
363 1924 412 1967 et
448 1919 490 1967 si
513 1920 611 1968 ista
635 1920 800 1968 omnia
828 1920 1014 1984 ignaris
1050 1921 1446 1984 praeparantur?
1518 1919 1664 1968 Certe
1699 1927 1866 1982 postea
1884 1938 1933 1965 20

255 2124 290 2151 2.
324 2125 591 2159 cynopaene
621 2117 702 2153 aut
733 2115 998 2160 sciapodes:
1039 2114 1104 2154 lit.
1134 2114 1378 2166 ‘dog—faced
1413 2128 1459 2153 or
1487 2114 1839 2164 feet-shadowed'
1855 2128 1866 2163 3

197 2174 390 2214 fabulous
409 2175 710 2215 monstrosities
728 2188 738 2224 3
768 2189 835 2215 see
856 2176 984 2229 Pliny
1004 2177 1055 2215 N
1053 2179 1112 2217 αὑ.
1133 2176 1254 2216 Hist.
1275 2177 1346 2216 vii.
1375 2189 1412 2225 2,
1435 2179 1446 2197 ‘
1462 2178 1627 2216 eosdem
1647 2178 1866 2229 Sciapodes

197 2237 353 2286 vocari,
382 2237 495 2288 quod
523 2238 569 2276 in
597 2238 754 2289 majore
783 2242 904 2277 aestu
931 2238 1050 2277 humi
1076 2239 1264 2290 jacentes
1293 2239 1435 2290 supini
1465 2239 1614 2279 umbra
1644 2253 1687 2279 se
1716 2239 1869 2291 pedum

198 2297 445 2351 protegant’
462 2312 472 2347 ;
503 2299 542 2339 S.
563 2300 673 2351 Aug.
699 2300 750 2339 de
770 2301 847 2339 civ.
871 2299 955 2338 Dei
973 2301 1061 2340 xvi.
1084 2301 1107 2339 8
1124 2315 1135 2349 3
1164 2302 1278 2340 Tert.
1300 2302 1357 2340 ad
1377 2302 1483 2340 Nat.
1505 2302 1530 2341 i.
1559 2310 1594 2352 7.

255 2361 292 2400 8.
327 2364 420 2400 Sed
447 2363 775 2407 ignorantibus
810 2364 1060 2408 subjicitur
1091 2367 1139 2401 et
1170 2365 1443 2408 imponitur.
1507 2365 1518 2384 ‘
1535 2364 1637 2412 But,
1669 2376 1751 2414 you
1782 2376 1867 2414 say,

199 2421 336 2461 deceit
356 2422 441 2461 and
460 2423 699 2474 imposition
718 2437 789 2462 are
807 2424 1017 2474 practised
1037 2437 1091 2463 on
1117 2425 1193 2463 the
1213 2425 1409 2475 ignorant
1428 2422 1686 2476 neophytes.'
1743 2425 1868 2474 19ηο-

200 2483 524 2523 rantibus=the
543 2485 787 2524 candidates
807 2485 871 2524 for
889 2485 1116 2531 initiation,
1137 2485 1231 2524 who
1249 2488 1362 2523 must
1377 2485 1429 2524 be
1443 2486 1660 2536 supposed,
1674 2489 1871 2535 contrary

201 2549 245 2584 to
264 2546 323 2584 all
343 2550 514 2594 custom,
534 2551 579 2585 to
598 2547 706 2586 have
726 2547 946 2599 neglected
957 2551 1001 2586 to
1020 2548 1144 2586 make
1164 2561 1248 2599 any
1259 2547 1463 2599 inquiries
1483 2561 1528 2586 as
1541 2552 1586 2587 to
1601 2548 1716 2586 what
1732 2546 1872 2586 would

202 2607 254 2645 be
275 2607 474 2658 expected
492 2607 599 2646 from
618 2608 746 2647 them.

262 2678 325 2707 10.
353 2670 536 2714 Atquin
564 2671 836 2708 volentibus
870 2701 879 2709 .
902 2700 911 2709 .
936 2700 944 2708 .
976 2671 1156 2715 opinor.
1216 2669 1319 2708 This
1350 2670 1386 2708 is
1421 2669 1466 2708 of
1504 2683 1647 2709 course
1684 2670 1870 2709 ironical.

205 2732 216 2751 ‘
233 2728 335 2768 And
353 2733 425 2777 yet
444 2730 480 2768 it
504 2743 645 2769 occurs
664 2734 710 2770 to
729 2744 795 2769 me
815 2744 859 2769 as
878 2731 1005 2781 being
1025 2731 1145 2770 usual
1165 2760 1175 2770 .
1200 2760 1210 2770 .
1235 2761 1245 2770 .
1263 2729 1273 2747 ³

263 2801 281 2827 1
292 2801 325 2827 1.
351 2794 532 2835 patrem
548 2792 684 2829 illum
701 2802 940 2830 sacrorum
957 2804 966 2830 :
995 2791 1069 2830 the
1086 2793 1097 2812 ‘
1111 2791 1312 2842 magister
1327 2805 1538 2831 sacrorum
1551 2790 1562 2808 ³
1578 2806 1624 2831 or
1640 2792 1818 2832 director
1834 2792 1878 2831 of

205 2852 278 2891 the
297 2851 440 2899 ritual‚
462 2851 536 2889 the
556 2851 820 2903 hierophant.

316 2915 458 2961 adire,
488 2926 605 2959 quae
633 2925 788 2959 praep.
816 2916 912 2952 sint
941 2915 1233 2953 describere:
1266 2917 1277 2936 ‘
1294 2918 1339 2953 to
1367 2927 1420 2965 go
1447 2915 1540 2954 first
1569 2919 1613 2954 to
1641 2915 1715 2954 the
1740 2916 1873 2954 hiero-

206 2974 341 3026 phant
361 2974 444 3012 and
461 2978 506 3012 to
525 2975 625 3013 take
645 2974 769 3014 down
787 2974 861 3013 the
886 2975 1087 3026 requisite
1115 2976 1403 3026 preparations
1417 2974 1447 3014 ’:
1479 2976 1564 3015 this
1593 2990 1722 3015 seems
1742 2990 1766 3015 a
1786 2990 1876 3027 pre-

207 3036 364 3075 ferable
384 3035 669 3074 construction
690 3039 732 3074 to
750 3035 846 3075 that
866 3036 1004 3075 which
1031 3037 1176 3076 makes
1198 3036 1533 3077 describere=ut
1545 3042 1674 3089 pater
1693 3038 1768 3077 ille
1788 3050 1873 3078 sac.

209 3096 291 3136 tibi
311 3095 536 3135 describat.

268 3169 329 3208 15.
362 3160 664 3198 candelabra:
701 3160 712 3178 ‘
726 3171 834 3209 quae
854 3171 976 3197 canes
995 3159 1147 3197 annexi
1168 3157 1422 3208 deturbent,’
1444 3159 1501 3198 ad
1522 3160 1572 3198 N
1570 3162 1630 3199 at.
1652 3160 1678 3198 i.
1703 3168 1737 3210 7.

270 3219 332 3258 18.
358 3221 621 3266 singulares
642 3221 911 3268 Christiani,
928 3218 993 3259 i.e.
1018 3220 1193 3272 solitary
1207 3221 1451 3273 neophytes,
1470 3221 1573 3261 with
1592 3235 1646 3260 no
1665 3221 1874 3260 relatives.
